3906 4840
401 279 484 362 3104
934 238 1267 332 Contursrr'o

164 436 336 513 Luem.
400 404 562 511 eiusdem
590 399 758 486 vocabuli
786 391 933 482 causina
962 397 1183 506 gravissimos
1216 425 1381 504 quosque
1398 395 1583 504 scriptores
1612 397 1731 504 panim
1756 423 1835 478 no·

364 579 367 584 .
402 533 495 592 ratos
517 502 697 611 reperiesi
724 497 972 582 istucneitletn
994 499 1044 580 cst
1070 526 1110 578 ac
1120 501 1301 606 fabularum
1322 506 1500 581 architectos
1521 501 1739 581 somnians
1769 506 1834 578 ln-

405 609 509 716 quire
535 601 899 700 monciacense,
924 604 1007 707 lege
1035 622 1176 678 omnes·
1195 603 1368 708 probatos
1394 604 1623 702 clafficosque
1658 605 1838 684 authores

403 710 553 800 latinos,
579 705 640 784 ubi
654 710 726 811 sulii
738 765 749 796 ‚
769 733 893 800 errare,
918 706 999 796 ult,
1015 707 1201 780 hallucinari
1218 702 1409 806 synonima
1431 703 1724 805 deprehensurus.
1757 706 1836 782 Ubi

404 837 494 894 vero
519 811 546 886 is
566 811 665 890 locus
686 809 723 883 in
747 805 942 884 Annalibus
962 802 1068 898 meis,
1094 828 1168 904 quo
1188 801 1330 912 gravius
1356 826 1554 907 praeterque
1574 803 1754 882 modestia
1780 807 1838 882 Ie·

405 938 469 1022 ges
487 891 722 989 animaduerti
741 906 778 984 in
798 905 986 1010 scriptores
1010 902 1143 1009 patrios
1166 909 1270 982 etiarn
1290 904 1405 982 infimi
1425 905 1590 1010 generisi
1618 904 1705 1006 quid
1726 907 1839 984 Luci·

404 1025 460 1094 ier
488 1013 526 1089 in
547 1007 749 1112 detegenda
772 1010 919 1086 vulnera
938 1031 1015 1084 mea
1039 1003 1153 1080 ubivis
1174 1005 1367 1084 effuflffinte
1393 1031 1528 1108 procax
1551 1033 1629 1082 non
1665 1005 1753 1109 ipsas
1773 1033 1837 1110 pa·

405 1115 509 1222 ginas
531 1109 756 1214 indigitavit}
783 1114 843 1186 An
862 1134 941 1186 non
967 1132 1041 1222 ego
1067 1103 1152 1182 locis
1176 1107 1342 1192 omnibus
1362 1123 1501 1211 purgo,
1522 1105 1753 1209 officioseque
1776 1135 1841 1183 er.
1889 1181 1893 1186 .

405 1241 505 1294 rores
535 1213 679 1294 illorum
712 1211 761 1287 ob
780 1209 957 1287 desectum
990 1209 1209 1284 idoneorum
1241 1232 1591 1300 monumentorum,
1632 1207 1867 1286 &Criticff
1927 1293 1929 1296 ,

405 1319 521 1394 lucam
540 1313 694 1390 necdum
715 1335 813 1386 estate
836 1310 978 1386 illorum
999 1309 1037 1384 in
1054 1331 1159 1384 terras
1183 1307 1316 1386 noslras
1341 1307 1517 1384 invectam
1543 1303 1694 1386 excuso}
1723 1309 1839 1386 <auo-

406 1417 471 1496 ties
489 1413 699 1492 industriam
721 1439 848 1506 eorum
874 1411 912 1488 in
935 1407 1127 1485 scribendis
1157 1412 1260 1485 rebus
1283 1408 1411 1512 patriis
1428 1409 1707 1511 illustrandisque
1734 1417 1837 1494 com-

407 1516 545 1594 mendo
568 1572 579 1607 ,
605 1513 680 1590 itno
710 1511 884 1614 praedico,
912 1510 1143 1610 laudibusque
1171 1513 1339 1588 extortos
1364 1511 1500 1590 Verum
1530 1512 1607 1623 quis
1633 1511 1838 1590 credidisset
1949 1579 1950 1608 1

407 1642 508 1696 tanto
528 1613 718 1718 supercilio
740 1615 894 1689 futurum
912 1609 1118 1688 Luciferum
1137 1637 1256 1704 tuum,
1283 1637 1342 1687 aut
1361 1639 1441 1688 euru
1462 1636 1659 1713 patriorum
1682 1611 1839 1718 scripto·
1948 1625 1950 1698 l

400 1745 490 1798 ,tum
517 1713 757 1820 patrocinium
801 1739 895 1790 tauta
922 1711 1121 1788 austeritate
1144 1713 1423 1816 'suscepturum,
1450 1739 1489 1788 ut
1522 1739 1615 1816 agre
1642 1713 1751 1806 ferat,
1779 1707 1839 1790 vel

410 1821 527 1898 verbo
549 1815 616 1892 illis
641 1813 860 1905 contradici,
888 1839 1021 1913 eosque
1039 1839 1201 1892 errarunt
1223 1812 1418 1891 convinci}
1446 1812 1540 1890 atris
1566 1816 1641 1905 ille,
1671 1815 1734 1916 qui
1754 1814 1840 1890 vin·
1948 1821 1951 1854 ³

289 1997 294 2002 .
410 1923 488 1998 culn
505 1916 638 2010 injiciat
657 1915 850 1990 iutelleslui
874 1939 957 1989 meo
985 1939 1089 2012 atque
1116 1912 1309 2005 industris,
1335 1940 1373 1990 ut
1392 1934 1561 2013 tanquam
1592 1913 1688 1990 libris
1718 1915 1837 2008 sacris,

410 2043 470 2098 aut
486 2015 581 2094 foliis
601 2015 781 2118 Sybilliuis
806 2012 1075 2116 integerrimam
1102 2014 1211 2090 fidem
1232 2015 1424 2114 praebeam,
1453 2041 1556 2114 quarn
1577 2015 1680 2090 meris
1704 2007 1838 2091 asscriis
1949 2013 1951 2104 l

409 2120 663 2198 iiue'veterum
683 2116 805 2192 tabulis
828 2113 998 2216 aucupari
1021 2114 1167 2194 conatii
1194 2115 1284 2192 mihi
1310 2115 1488 2219 piaculum
1515 2115 1556 2191 sit
1576 2141 1595 2190 a
1614 2115 1839 2218 superiorum
1950 2141 1952 2220 j

407 2245 505 2310 atate
525 2213 706 2294 sententiis
725 2215 904 2308 recedere,
923 2238 982 2290 aut
1007 2214 1195 2292 ostendere
1216 2244 1341 2292 eorum
1362 2241 1500 2294 narrata
1517 2241 1678 2292 veterum
1703 2244 1840 2294 monu-
1951 2231 1952 2302 ζ

386 2317 538 2397 ,mentis
572 2343 650 2394 non
677 2317 925 2418 respondere}
952 2320 1014 2391 Na
1042 2316 1151 2420 igitur
1183 2343 1221 2393 tu
1252 2318 1395 2395 Lucifer
1420 2319 1605 2394 veritatem
1632 2315 1842 2396 historicam
1943 2335 1952 2342 '⁴

393 2446 572 2498 »arternum
603 2416 805 2520 sepultam,
833 2445 884 2493 ne
920 2418 1046 2493 orbern
1078 2418 1201 2494 fabulis
1225 2417 1504 2521 creputtdiisque
1535 2443 1711 2534 perpetuo
1732 2420 1841 2522 pascis
1950 2413 1952 2432 ⁴

406 2550 457 2598 ne
481 2517 747 2621 disciplinarum
778 2521 947 2594 culturam
977 2518 1177 2609 silvescere,
1204 2547 1257 2593 nce
1285 2547 1356 2621 pro
1375 2522 1454 2595 luce
1474 2545 1648 2621 cymerras
1675 2523 1842 2596 tenebras

406 2623 562 2708 investes
584 2619 712 2720 cupis,
743 2618 805 2717 qui
819 2620 973 2694 ¹vetitum
995 2616 1082 2692 mihi
1103 2619 1155 2693 vis
1175 2618 1357 2695 historiam
1377 2619 1528 2722 patriam
1545 2641 1765 2722 repurgare,
1780 2648 1841 2698 re·

321 2773 325 2782 -
408 2723 575 2820 rioraque
593 2746 636 2794 err
655 2722 783 2795 croceis
807 2717 1029 2818 vetustisque
1047 2719 1286 2808 monumentis
1302 2719 1501 2820 exquirere.
1574 2731 1644 2795 Nun
1664 2727 1748 2797 raudo
1767 2779 1778 2815 ,
1805 2746 1844 2798 ut
1867 2725 1872 2732 ’

406 2823 476 2912 ais,
501 2832 596 2922 capite
614 2843 672 2920 per
694 2849 742 2894 mc
771 2832 856 2896 notio
876 2824 977 2923 nostra
1006 2830 1175 2895 uicinorum
1193 2822 1326 2898 ludibrio
1354 2827 1573 2922 prostituitur,
1599 2821 1658 2897 sed
1680 2849 1727 2898 ne
1747 2821 1842 2899 ludi-

406 2923 490 3006 brio
508 2921 702 3024 sabttleque
721 2946 834 3023 porto
857 2919 915 3013 stt,
943 2919 1168 3014 defenditur,
1195 2947 1236 2998 ac
1261 2939 1424 3010 cavetur,
1451 2949 1531 2998 curu
1558 2919 1712 2998 ostendo
1733 2923 1842 3000 etiarn

408 3021 512 3128 genti
544 3019 672 3097 nostra·
708 3049 784 3098 uon
815 3018 963 3098 defuisse
988 3020 1202 3113 oliur‚'non
1232 3022 1348 3100 deesse
1372 3021 1484 3099 hodie
1516 3021 1691 3098 doctrina·
1716 3026 1842 3116 claros,

408 3125 469 3224 qui
497 3121 728 3198 deliramenta
768 3124 842 3200 hac
869 3121 1091 3225 superiorum
1129 3123 1331 3199 saeculorum
1364 3122 1464 3198 omni
1493 3147 1658 3225 tempore
1685 3123 1839 3202 execrati

408 3227 518 3316 sunt,
545 3220 608 3322 qui
639 3221 779 3324 pridem
805 3221 919 3296 sensus
939 3224 1016 3296 suos
1042 3224 1158 3324 paistrn
1181 3223 1272 3299 inter
1298 3222 1513 3301 domesticos
1542 3225 1693 3327 parietes
1717 3228 1839 3300 hasie-

408 3352 472 3402 uus
502 3331 614 3401 tesius
640 3322 775 3424 scriptis
795 3319 1054 3425 prodidissent,
1081 3321 1146 3398 nist
1160 3321 1238 3400 fato
1265 3324 1423 3424 quodam
1451 3322 1640 3427 impediti,
1668 3351 1727 3401 aut
1747 3323 1839 3402 iimi-

409 3423 450 3500 lis
475 3422 768 3516 obtrectationis,
797 3448 902 3522 quam
922 3447 958 3498 tu
982 3421 1069 3498 milri
1098 3422 1273 3512 intentas,
1301 3451 1396 3501 metu
1422 3428 1592 3502 calamum
1623 3425 1842 3531 abjecissent}

373 3585 379 3598 .
408 3531 499 3606 Non
532 3521 600 3616 est,
628 3525 728 3624 quod
757 3549 910 3616 metuas,
938 3522 1042 3627 genti
1071 3551 1154 3599 mes
1179 3551 1223 3600 ex
1245 3523 1381 3628 scriptis
1409 3527 1494 3602 meis
1518 3527 1700 3625 quoddam
1727 3526 1841 3602 dede-

411 3655 470 3702 cus
494 3625 727 3704 enasciturum
754 3625 849 3727 apud
878 3649 1051 3716 exteros,
1078 3624 1186 3723 quin,
1211 3653 1257 3702 ne
1278 3623 1453 3702 invidiosa
1484 3627 1550 3703 tibi
1570 3626 1733 3704 videatur
1760 3631 1844 3733 glo-

409 3723 544 3820 riatio,
570 3725 733 3830 polliceri
751 3725 878 3816 ausim,
906 3725 1011 3801 etiam
1031 3727 1171 3801 laudern
1188 3736 1221 3803 s<
1241 3727 1538 3806 existimationem
1561 3747 1610 3805 ex
1629 3727 1670 3802 iis
1690 3731 1841 3804 occessit·

413 3851 486 3905 ram
501 3851 619 3916 ,nam
641 3825 751 3902 exteri
775 3826 916 3907 tandem
939 3824 1122 3901 historiam
1150 3827 1298 3928 patriam
1323 3855 1419 3906 ame
1443 3853 1677 3932 expurgatam
1704 3831 1844 3934 legere,

415 3927 593 4032 probate,
620 3925 830 4028 scriptisque
858 3925 923 4000 suis
954 3925 1144 4026 praetlicare
1169 3927 1246 4004 occi
1277 3928 1373 4022 lunt,
1401 3957 1480 4007 curn
1503 3945 1604 4007 antea
1632 3931 1750 4031 pallito
1775 3930 1843 4005 illi's

417 4053 507 4128 quot
524 4049 620 4130 pene
651 4026 788 4128 capita,
806 4051 861 4102 tot
879 4053 977 4102 nova
1004 4049 1214 4129 argumenta
1242 3958 1427 4108 deridiculi
1454 4028 1671 4130 ludibriique
1695 4029 1845 4126 scierint,

416 4129 493 4208 imo
512 4131 570 4209 vel
598 4128 671 4206 laoc
700 4127 780 4234 ipso
808 4126 957 4206 nomine
984 4127 1142 4236 pluribus
1174 4129 1301 4228 exosa,
1327 4131 1429 4235 quod
1446 4151 1516 4211 nec
1540 4133 1615 4230 ies,
1639 4154 1711 4208 nec
1729 4129 1846 4242 nisto-

873 4259 877 4268 ·
1207 4245 1213 4264 ⁴
1626 4247 1628 4254 ’
1709 4255 1790 4325 stru,
