3820 4820
315 205 324 315 ¹,
413 237 539 310 3¹0·
795 305 797 310 Ι
973 209 1301 326 Cunru'rarro

411 358 744 441 formidabantViti
763 357 897 462 quique
915 358 1066 462 ingenio
1085 385 1195 454 acres,
1213 357 1391 438 industria
1409 349 1591 454 tndefuu,
1618 359 1838 464 suppressere

412 465 464 543 illi
487 465 594 540 dubia
616 464 693 551 sua,
716 487 824 562 atque
839 487 877 536 ut
898 463 1110 564 plerumque
1128 463 1188 550 lit,
1215 461 1355 571 tqrbam
1375 461 1479 537 secuti
1501 463 1591 540 sunt.
1641 467 1727 542 Nec
1754 465 1838 541 disn·
1890 493 1893 542 r

409 591 490 644 teor
510 623 522 662 ,
548 563 797 667 srsrmplicirer
816 562 921 640 fallor
950 561 1083 666 patrios
1104 561 1268 640 scribere*
1285 562 1423 640 sedisset
1446 561 1605 657 animo,
1629 593 1688 642 me
1713 595 1774 644 me
1794 565 1838 668 ip

409 670 483 745 surn
503 666 588 744 lruic
606 671 712 742 tutbae
732 663 981 741 associaturum
998 661 1111 742 fuisse.
1156 646 1405 840 Quoniam
1427 663 1628 764 scriptionis
1647 695 1736 742 rneae
1756 693 1838 770 ptat-

409 768 533 872 cipuus
563 769 689 870 scopus
716 765 794 842 est:
821 765 944 842 critice
965 765 1179 868 ‘expendere
1199 765 1236 840 ht
1269 759 1383 844 orium
1407 767 1588 866 patriam,
1614 791 1695 843 curn
1720 795 1838 870 repur.

408 897 496 974 gare
508 897 549 947 ac
565 867 778 960 emendare,
794 866 838 942 ad
862 867 981 946 fomes
998 865 1076 942 suos
1096 865 1300 966 vetustaque
1318 891 1553 943 monumenta
1568 867 1742 973 erigere,
1769 895 1836 944 nou

314 988 317 998 ·
409 973 516 1048 ausim
543 996 619 1075 ego
643 973 763 1046 album
788 965 963 1071 nigrum,
989 967 1186 1070 nigrumve
1212 976 1332 1046 arbum
1359 967 1530 1060 asserere,
1554 969 1835 1047 uutadulterin'a

247 1073 254 1089 '
360 1092 365 1102 ’
406 1075 680 1171 recentibusque
692 1068 845 1146 denariis
863 1070 1016 1172 priscum
1029 1068 1185 1170 pretium
1205 1068 1363 1148 statuere.
1394 1073 1483 1146 Non
1500 1067 1654 1170 possum,
1676 1071 1833 1171 inquam,
1873 1151 1882 1160 ,

407 1175 562 1253 Czecbo
581 1199 644 1250 tuo
670 1175 792 1250 locum
819 1169 856 1246 in
875 1170 1071 1248 Annalibus
1097 1169 1219 1272 patriis
1243 1171 1474 1261 concedere,
1502 1170 1836 1259 cojuscomnremo·

409 1273 548 1351 ratione
568 1274 729 1349 universis
749 1295 986 1350 monumenta
1008 1273 1129 1374 gentis
1146 1269 1272 1350 nostrat
1292 1295 1483 1370 exteraque
1502 1271 1710 1367 abstinent,
1739 1282 1835 1349 &cu

355 1384 360 1402 ¹
409 1376 463 1474 jus
481 1375 662 1453 memorie
690 1373 860 1478 gestaque
878 1372 1005 1451 coaevis
1024 1371 1254 1476 scriptoribus
1272 1373 1406 1450 suntme
1422 1369 1667 1450 adversantur.
1723 1377 1834 1452 Multa

321 1514 324 1522 ·
410 1503 491 1556 ante
513 1500 699 1556 venturam
715 1473 960 1578 tempestatem
983 1498 1152 1585 tanquam
1172 1501 1214 1552 ex
1235 1476 1375 1574 specula
1396 1472 1591 1584 prospexi,
1618 1469 1774 1576 previdi
1788 1477 1832 1554 in·

334 1601 337 1612 ·
411 1605 518 1679 quam
543 1577 792 1679 antiquitatum
818 1575 935 1652 minus
957 1599 1093 1677 petitos
1118 1602 1211 1679 aegre
1231 1577 1304 1650 boc
1324 1575 1512 1650 cortlilmur
1540 1601 1665 1651 meum
1692 1577 1831 1672 laturos3

410 1682 491 1757 seri·
524 1679 640 1756 ondus
662 1677 770 1772 majus
796 1678 889 1779 apud
927 1703 984 1752 me
1011 1675 1133 1752 babuit
1157 1674 1393 1758 eruditiorum
1417 1701 1650 1775 quorumque
1673 1679 1829 1754 Virorum
1874 1766 1879 1776 Ι

410 1709 647 1870 desiderium,
672 1781 733 1882 qui
754 1779 895 1882 pridem
922 1781 982 1852 has
1003 1776 1121 1876 patria
1148 1776 1275 1852 nostrat
1295 1773 1449 1851 historia:
1469 1777 1623 1871 subulas,
1652 1779 1846 1856 halitum.

413 1885 604 1980 tionesque
621 1883 749 1960 excisas
769 1880 978 1978 eversa'sque
994 1867 1229 1977 suspirabant,
1248 1877 1310 1975 qui
1330 1879 1389 1952 vel
1408 1876 1491 1952 ideo
1513 1879 1599 1954 sese
1619 1879 1824 1958 illrusuaio

413 2010 460 2060 nc
479 1979 663 2059 absterreri
684 1979 902 2054 dictitabunt.
953 1976 1036 2053 Scio
1055 2003 1111 2056 me
1131 1973 1278 2066 irritasse¹
1293 1981 1506 2070 crabrones,
1534 1979 1597 2054 sed
1615 2007 1774 2085 pungunt
1788 1983 1818 2056 il·

412 2085 465 2177 sr,
491 2109 569 2160 non
589 2105 765 2172 enecant,
792 2105 866 2181 ego
892 2105 951 2154 me
976 2079 1058 2156 saue
1080 2103 1224 2156 centurn
1251 2081 1477 2182 proterendis
1498 2083 1513 2177 s
1531 2081 1611 2159 Vah
1643 2089 1814 2188 Pyrgopo

412 2185 545 2262 linicen
570 2209 668 2258 tumn
686 2181 890 2274 Luciferum
918 2177 1235 2284 grandiloqttengia
1252 2175 1752 2287 amulorl'lparerndeputo.
1778 2187 1820 2259 St·

413 2287 576 2392 pietatum
603 2306 693 2360 vero
721 2280 891 2378 judicium
921 2285 1163 2360 accensurum
1185 2308 1287 2382 :equo
1307 2281 1384 2358 imo
1410 2283 1569 2359 &hilari
1599 2287 1697 2362 serre
1723 2283 1823 2362 anino

411 2416 470 2465 me
495 2380 714 2462 imbdcillitus
741 2381 880 2486 ingenii
908 2381 979 2458 rnei
997 2409 1229 2476 commonet,
1255 2409 1337 2457 nant
1360 2409 1439 2458 nnn
1466 2383 1603 2486 ignoro
1632 2387 1822 2489 sapientiis

324 2475 332 2496 ⁸
409 2516 508 2567 mum
527 2485 715 2566 Ciceronis
734 2486 900 2563 effatum:
927 2485 975 2566 (θ)
1000 2492 1177 2582 sapientum
1196 2489 1354 2587 judicium
1375 2509 1429 2578 aur
1455 2491 1716 2586 reprthcnfiaenctn
1741 2503 1825 2563 rtr'trn

409 2595 492 2670 nullo
507 2591 611 2665 ‘niodo
628 2590 721 2690 potest
732 2643 743 2678 ,
770 2591 830 2686 ulfi
845 2597 903 2692 qus
926 2591 1007 2659 nidis
1024 2597 1147 2660 atnnina
1156 2582 1275 2684 scribit.
1340 2585 1528 2664 (Quorsum
1557 2587 1682 2689 iraque
1701 2589 1764 2666 Vir
1779 2593 1825 2666 sl

411 2715 506 2769 tanta
521 2690 717 2766 ¹authorum
738 2713 881 2763 tuorum
902 2709 971 2762 tam
1003 2685 1200 2760 recentium
1219 2687 1413 2763 cumulatio
1431 2691 1554 2766 valet}
1611 2695 1667 2766 nn
1682 2717 1757 2766 non
1778 2692 1826 2766 vel

411 2793 486 2897 ipse
505 2789 644 2868 fatentis
661 2789 801 2866 necesse
817 2787 893 2881 est,
927 2785 1025 2879 illos,
1053 2786 1179 2888 quiqui
1201 2787 1279 2862 sunt
1298 2845 1308 2879 ‚
1335 2789 1392 2864 suu
1408 2813 1450 2864 ex
1469 2791 1643 2894 Hagecio
1661 2791 1825 2894 deprom-

410 2894 540 2998 psisse,
568 2895 787 2992 alterumque
806 2917 852 2966 ert
871 2893 985 2968 altero
1011 2887 1244 2990 exscripsisse}
1270 2917 1425 2988 quorum
1451 2892 1475 2965 sr
1496 2895 1699 2995 myniadem
1717 2891 1827 2996 prose-

409 3024 485 3086 ras,
510 2991 669 3070 hairdeis
687 2992 859 3098 majorem
880 2991 1106 3069 sidentuusrm
1126 2990 1210 3068 date'
1229 3013 1335 3090 quant
1352 2992 1520 3092 Hagecio
1542 3021 1635 3086 tuo,
1663 3021 1739 3094 quo
1758 2991 1829 3070 uui-

410 3092 457 3174 ἑο
477 3095 578 3172 forne
596 3092 644 3168 usr
661 3093 759 3186 stmt,
784 3121 853 3170 nec
868 3091 981 3170 video
1001 3117 1039 3166 ut
1053 3092 1244 3169 certiorem
1264 3091 1418 3168 Czecho
1436 3117 1499 3170 tuo
1513 3095 1645 3172 vadem
1670 3095 1827 3213 Hagecio

411 3225 457 3275 ert
476 3193 540 3274 illis
557 3219 699 3293 quaqun
724 3194 871 3272 demum
889 3191 1076 3296 diligentia
1103 3193 1313 3295 exsculpasl
1365 3192 1539 3286 Utinam,
1565 3223 1647 3272 cum
1675 3195 1825 3301 scripsisti

409 3301 505 3391 hanc
522 3294 804 3376 lucubrationem
826 3319 946 3390 tuam,
975 3293 1146 3388 scivissem
1171 3291 1377 3372 teldetineri
1397 3295 1634 3416 delectarique
1663 3295 1829 3392 eiusmodi

409 3397 551 3492 studio,
579 3395 682 3474 facila
699 3397 858 3474 tricenos
880 3395 943 3474 tibi
966 3408 1133 3500 praterea
1154 3392 1379 3480 indicassem,
1405 3394 1716 3501 adiunxisletnque
1729 3401 1829 3503 scrip·

401 3527 527 3595 notes,
554 3497 616 3600 qui
642 3499 844 3579 Czechuns.
859 3495 1087 3576 conditorem
1114 3495 1233 3600 gentis
1258 3494 1385 3573 nostrae
1403 3497 1547 3598 profeffi
1564 3499 1666 3580 sunt.
1750 3508 1828 3580 Non

407 3603 532 3684 nescio
557 3599 655 3677 enim
683 3601 776 3678 hanc
798 3599 1065 3704 persuasionem
1088 3597 1255 3678 hanenus
1282 3597 1383 3674 fuisse
1415 3597 1597 3700 plerisque
1622 3605 1828 3681 concivibus

406 3705 495 3784 meis
513 3703 559 3778 de
571 3702 757 3807 Hageci0‚
774 3704 991 3804 prolatoque
1005 3701 1051 3776 ab
1070 3697 1133 3776 illo
1151 3700 1316 3791 Czcclto,
1343 3727 1420 3799 quat
1435 3724 1512 3777 erat
1529 3703 1706 3800 superiori
1725 3707 1828 3782 adbuc

405 3809 531 3886 saeculo
549 3802 719 3908 Hispanis
738 3803 784 3880 de
799 3803 964 3893 sabuloso
978 3799 1174 3902 Turpino,
1203 3825 1241 3876 ut
1261 3828 1344 3877 eum
1363 3826 1530 3900 tanquam
1546 3803 1760 3908 Principem
1780 3804 1825 3881 bi·

406 3907 523 3992 slotie
564 3908 726 3984 colerent
763 3929 805 3983 ac
836 3902 1061 4002 adorarent3
1096 3899 1302 4006 meritoque
1335 3900 1395 3982 bic
1426 3901 1524 3983 mibi
1546 3905 1659 3987 ullam
1688 3901 1826 3984 Beronii

1664 4032 1784 4086 serem

351 4287 358 4327 -,
437 4185 498 4310 ‘tn
521 4229 628 4296 carr·
645 4229 667 4298 r.
684 4165 982 4332 urrunnun
