3922 4820
186 223 221 242 ρ·-

346 369 350 380 ¹
468 281 609 354 Risum
635 277 665 360 1.
692 277 1009 354 Rurtexiouts
1033 269 1078 350 11.
1104 271 1137 370 5.
1162 271 1261 352 XVI.
1471 291 1543 374 323

98 447 260 503 onorata
283 419 436 502 Critices
458 422 580 526 regula
597 420 727 498 merito
746 417 796 496 est
812 417 1112 498 contemnendus.
1161 421 1349 518 Nusquam
1375 412 1492 521 legisti
1507 414 1546 493 in
1559 441 1727 522 Luem·

9 573 10 580 κ
97 527 265 604 Mathia
286 525 411 601 nostro
437 521 713 606 Roleluzkio-(a)
744 521 848 622 quale
867 518 1037 616 judicium
1060 519 1127 617 iam
1150 539 1232 597 ante
1257 545 1369 597 tinum
1386 521 1545 596 saecsilnm

68 637 76 648 '
96 627 151 703 de
176 630 252 703 hac
271 624 439 728 Paprocii
460 623 637 704 scribendi
659 622 799 700 licentia
816 623 957 698 tuleriti
983 647 1104 700 aurem
1121 619 1281 699 adhibe:
1335 624 1546 714 Crediderim,

92 727 264 828 inquit,
291 737 473 830 Paprocinm
497 732 605 828 plures
623 729 766 828 familias
778 779 791 814 ,
815 748 952 828 quarum
977 735 1127 828 originem
1150 723 1192 800 θ’
1204 729 1308 827 sontes
1331 727 1406 824 ipsos
1434 723 1546 826 offrqni

94 861 170 908 non
184 839 317 930 peruia,
343 831 485 904 oclisiam
495 838 639 928 primum
658 853 725 902 nrm
743 831 857 902 Cartha
876 823 919 900 {5
937 831 1034 902 Leria
1049 835 1354 928 transmigrationem
1379 825 1545 924 reduxisti,

92 933 144 1007 ὅ
168 934 328 1032 rjnrmmlr
346 930 534 1026 dffrrrltartr
551 925 611 1027 asi
624 931 731 1027 procul
743 937 777 1004 in
795 925 954 1002 Cinariam
973 929 1065 1032 usqne
1082 927 1213 1030 olegifft.
1264 923 1357 1000 Quis
1375 926 1546 1029 Paprocii

94 1031 198 1108 inco
234 1025 392 1108 ituntiotn
411 1055 488 1106 non
511 1025 644 1118 rideat,
674 1025 835 1128 quicum
846 1023 1007 1104 -subinde
1025 1043 1068 1102 ex
1086 1027 1266 1119 numinis,
1282 1024 1406 1129 primis
1426 1025 1546 1130 patrias

91 1057 242 1210 [ποῇς
269 1128 431 1224 inventi,
455 1127 685 1210 similitudine
713 1126 941 1242 pripeipium·
960 1127 1097 1206 familie
1122 1129 1270 1232 defigit,
1296 1131 1397 1206 nullo
1422 1126 1546 1233 polle-

95 1235 211 1311 riote
230 1233 332 1326 hujus
350 1227 510 1308 nominis
535 1257 601 1334 ptr
621 1231 756 1330 septem
775 1253 851 1306 tntu
876 1235 961 1306 odo
980 1228 1100 1310 sucula
1126 1251 1435 1322 cotrinsemoroto,
1464 1253 1542 1308 tan-

48 1393 56 1404 .
94 1335 191 1412 dem
214 1333 260 1408 ad
279 1335 436 1409 luculum
451 1335 551 1410 XIV.
568 1354 627 1406 uut
646 1333 726 1408 XV.
742 1329 920 1434 giganteo
939 1331 1024 1407 saltu
1042 1332 1179 1424 transit,
1206 1347 1312 1432 ot'que
1330 1357 1376 1408 ex
1395 1330 1457 1410 ilio
1472 1358 1540 1446 ge·

94 1435 225 1513 ustrina
246 1433 456 1510 familiarum
478 1455 716 1510 monumenta
738 1429 886 1535 detegit.
939 1433 1130 1510 Genuinus
1147 1441 1182 1512 ὃ(
1196 1431 1374 1536 ingenuus
1392 1435 1535 1512 Nobili·
1568 1455 1576 1464 ·

94 1537 184 1614 tatis
206 1537 387 1612 cli-tundet
406 1533 474 1610 est:
503 1531 657 1646 originis
675 1533 739 1608 suat
759 1530 947 1644 limpidum
973 1534 1113 1635 sontem
1144 1530 1324 1626 indicare,
1351 1561 1427 1612 non
1446 1561 1536 1613 con·

97 1636 271 1733 ieiunis,
290 1633 436 1725 sabulis,
462 1633 676 1732 incertisque
693 1633 899 1709 rumoribus
916 1632 1036 1714 inniti.
1086 1644 1146 1712 nn
1166 1661 1201 1712 te
1219 1639 1314 1728 latet,
1334 1661 1471 1735 quanto
1489 1637 1536 1714 ri.

96 1765 204 1844 gore
226 1762 332 1838 atque
351 1731 578 1815 accuratione
592 1732 704 1810 hodie
721 1732 916 1827 nobilitatis
937 1736 1170 1836 probationes
1189 1737 1450 1838 exquiranturi
1476 1763 1536 1818 au.

99 1843 199 1916 sitne
220 1839 399 1940 quispiam
413 1835 458 1914 ad
477 1837 667 1916 Czechum
687 1859 784 1912 tuum
804 1835 949 1936 ejusque
973 1835 1167 1914 adrentum
1186 1838 1222 1914 in
1243 1838 1426 1916 Boeotiam
1446 1867 1535 1942 pro.

98 1944 262 2016 volare?
291 1938 499 2039 Leopoldus
519 1963 635 2014 autem
662 1940 883 2042 Imperator,
909 1937 1038 2036 aliique
1056 1943 1175 2043 Reges
1198 1939 1378 2017 Bobetuia
1396 1969 1478 2017 cum
1498 1944 1536 2024 iu

96 2038 361 2144 Augustalibus
378 2039 443 2114 suis
461 2038 698 2128 dicunt,banc
710 2041 767 2113 vel
787 2037 879 2113 iilam
890 2041 1074 2116 Familiam
1086 2042 1478 2120 cutttCzucho-veniise
1497 2044 1536 2124 in

94 2139 315 2230 boemiam,
342 2137 436 2213 haud
462 2135 563 2212 aliud
584 2137 734 2214 innuere
760 2140 908 2230 volunt,
936 2167 1039 2238 quam
1069 2141 1313 2242 antiquitatem
1341 2142 1435 2219 istius
1461 2149 1533 2226 ell'e

2 2248 3 2251 ’
96 2239 247 2320 sensilia
273 2261 426 2328 tantam,
446 2261 486 2314 ut
511 2235 641 2340 primas
671 2234 789 2338 patrie
814 2239 1005 2315 memorias
1030 2267 1164 2339 aequet,
1190 2239 1340 2341 qtiaeque
1368 2245 1532 2324 credatur

96 2368 187 2419 ctum
212 2338 321 2415 initiis
341 2333 688 2439 Czechiaescoepiism
716 2361 823 2437 quom
844 2339 1119 2458 prerogativam
1147 2341 1251 2419 alicui
1270 2371 1313 2419 ex
1339 2345 1532 2426 nobilitate

94 2441 226 2522 nostra
246 2439 423 2542 disputare
439 2465 458 2516 a
477 2465 536 2515 nie
554 2464 661 2538 quam
686 2439 889 2539 longiffime
916 2441 1012 2520 obiit.
1063 2445 1278 2542 Plerumque
1298 2471 1388 2521 vero
1406 2454 1531 2552 Augu.

93 2544 201 2627 stales
215 2542 308 2620 harre
322 2539 533 2618 familiarum
554 2538 800 2634 antiquitatem
822 2539 979 2620 indicare
999 2546 1161 2622 volentes
1181 2549 1529 2627 udourtlimlommm
1567 2599 1574 2606 -

43 2719 49 2728 ,
96 2645 310 2733 reflexerit,
340 2641 441 2742 quod
471 2638 685 2719 ea.istortun
716 2640 956 2744 posteriorum
984 2646 1188 2720 soculorum
1216 2649 1418 2724 cointnunis
1444 2651 1531 2728 elles

96 2743 303 2848 persuasio:
331 2743 519 2822 Czechum
535 2741 763 2819 conditorem
773 2741 895 2856 gentis
914 2744 1024 2822 fuisse.
1077 2747 1339 2841 Posteriorum,
1368 2747 1530 2850 inquam,

98 2849 331 2933 soculorum,
358 2872 441 2920 num
466 2845 602 2920 nullum
630 2841 719 2920 mihi
745 2845 905 2945 diploma
933 2847 1072 2948 regium
1101 2849 1157 2924 vel
1184 2875 1228 2923 ex
1255 2848 1378 2925 sarcinio
1398 2856 1476 2930 XV.
1495 2861 1531 2930 δι

97 2971 183 3027 ante
203 2943 338 3022 editum
356 2945 570 3048 Paprocium
591 2943 823 3047 produxeris,
849 2943 949 3044 quod
975 2945 1112 3026 familia
1139 2949 1317 3044 cujusdam
1345 2953 1531 3050 originem

97 3043 278 3126 aczecbi
297 3045 455 3124 adventu
477 3069 669 3148 repeteret.
762 3044 890 3122 Quinte
914 3049 1137 3147 querendum
1163 3049 1266 3128 nobis
1295 3053 1426 3139 merito
1449 3083 1531 3132 cum

95 3147 312 3228 Leibttiti0:
339 3151 386 3231 (l)
415 3150 598 3225 Conclrrnrur
611 3153 809 3226 tentoriorum
822 3155 1022 3252 familiarum
1042 3157 1200 3255 irrfigninm
1219 3165 1317 3252 cupio
1335 3169 1423 3232 imru
1441 3159 1533 3234 nrrlcr

96 3263 293 3348 incomperta
306 3261 460 3326 ueritatis.
506 3247 604 3324 flua:
623 3275 689 3354 par
703 3251 837 3343 sabulos
856 3273 1010 3348 quarere
1033 3257 1109 3356 plus
1133 3253 1319 3332 dedecoris
1337 3285 1441 3358 quoni
1467 3281 1529 3334 or*

97 3351 260 3432 nomenti
282 3349 464 3428 nobilitati
479 3350 629 3429 adfert.¹
664 3355 803 3450 Restat,
830 3349 946 3451 lnquit
968 3354 1231 3456 Westphalius,
1261 3361 1311 3440 (c)
1333 3365 1526 3464 Gerrrulogias
1662 3438 1667 3450 ,

97 3457 234 3557 nescire,
259 3459 310 3530 vti
325 3451 475 3551 rtranfirt
498 3457 616 3545 atillo,
636 3483 732 3558 quum
750 3456 880 3550 fillitias
907 3453 949 3530 ὅ
967 3471 1201 3532 contunnu'n'n.
1458 3524 1462 3532 ,
1501 3529 1504 3538 .
1551 3445 1557 3456 ’

213 3555 345 3633 Cetera
372 3581 448 3655 quat
466 3555 617 3631 verbose
642 3554 755 3659 magis
777 3545 899 3654 opssris
918 3554 968 3630 tui
996 3555 1259 3658 aniplilican‘di,
1290 3583 1395 3658 quam
1421 3565 1528 3638 causae

7 3699 9 3704 ·
86 3654 283 3735 ‘fi'r'mandae
300 3681 395 3759 ergo
420 3655 588 3758 apagina
614 3681 695 3752 155·
717 3653 958 3759 persequeris,
992 3685 1139 3756 quotque
1164 3684 1331 3758 taitquatu
1351 3661 1526 3742 obsoletas

97 3765 134 3835 dt
154 3756 345 3860 quinquies
363 3755 542 3854 sexiesque
570 3759 723 3858 prolatas
742 3775 876 3832 merces
906 3755 943 3834 in
961 3757 1082 3834 sonim
1102 3768 1233 3836 venum
1261 3761 1396 3854 adfers,
1422 3763 1525 3868 supe-

99 3859 257 3938 rioribus
268 3856 519 4036 lparagraphis
543 3860 742 3962 locupletet
768 3857 868 4036 spopul
896 3865 931 3936 dt
950 3857 1122 3951 industrie
1147 3864 1381 3958 excussimus,
1416 3890 1524 3968 atque

149 3967 243 4042 PARS
287 4019 296 4037 .
817 3987 877 4038 ta
1400 3966 1470 4042 sin-

140 4205 183 4286 (o)
205 4203 291 4266 Moth
316 4199 481 4283 Bolelttzity
498 4201 529 4262 in
548 4201 618 4264 Rosa
630 4201 703 4266 Pois.
720 4225 748 4264 e·
768 4221 796 4266 1.
813 4225 841 4286 p·
856 4217 906 4282 27·
961 4201 1008 4284 (i)
1031 4207 1154 4270 Leibuit.
1168 4210 1204 4268 Τ.
1224 4211 1245 4270 l·
1264 4205 1357 4292 s'eripr.
1375 4207 1524 4282 Brunsvic.

206 4287 316 4374 prasus.
358 4285 402 4371 (r)
424 4285 616 4370 Wtslplulius
634 4291 672 4348 T.
690 4289 713 4354 1.
729 4289 805 4352 iiaed.
823 4309 944 4350 anutium
972 4289 1082 4372 prusae.
1209 4325 1217 4362 n
