3820 4820
245 296 247 304 s
345 277 357 291 '¹
397 225 541 338 Ruurr
566 259 597 340 Ι.
623 255 939 335 terremotus
965 251 1009 331 ΙΙ.
1035 254 1066 351 §.
1092 249 1190 334 XIV.
1401 255 1476 354 285

54 384 136 520 apuli
155 445 215 494 mr.
267 412 314 488 Et
333 409 470 486 rursum
489 431 534 482 ex
557 403 628 498 ejus
646 400 727 478 hist.
743 403 886 479 Ducum
903 403 1029 482 Boem.
1047 403 1136 500 Sed.
1164 427 1195 480 1.
1216 427 1255 506 p.
1277 405 1334 481 1'2.
1352 407 1400 478 De
1417 430 1471 480 nu·
1490 403 1658 484 Lucum.
1695 427 1701 444 ’-

46 531 111 627 stris
130 528 145 620 (
164 512 307 596 Hesltiis
324 539 405 591 curu
426 503 634 586 Sehachidis
656 505 804 598 tabula)
829 503 956 578 dulium
976 504 1025 607 effe
1043 534 1103 580 mn
1114 507 1207 604 potest
1218 559 1229 595 ,
1252 507 1347 612 idque
1366 535 1406 580 ex
1425 509 1475 581 ur·-

43 629 133 728 ›jlurr'a
160 619 360 714 Gluttuvt'rnfi
384 637 456 690 ante
475 608 634 710 sexcentus
657 604 701 684 ἔθ’
716 611 848 704 amplius
869 633 964 681 annos
987 605 1106 708 scripta
1131 611 1268 708 legimus.
1334 605 1479 688 aluerit
1588 650 1591 659 ·

3 757 5 816 ;
52 725 134 830 quid
160 723 204 800 ad
222 721 299 796 hac
325 713 588 818 respondeam?
614 706 729 784 dicam
751 702 923 782 candide:
974 711 1078 812 Ego,
1096 707 1160 807 qui
1183 705 1322 782 Balbini
1346 709 1477 790 merite¹

52 831 93 906 de
111 821 256 902 historia
282 817 396 921 patria
415 819 600 910 nunquam
655 807 818 885 radicare
835 805 1016 901 desinam,
1042 831 1241 910 temperare
1263 805 1381 892 tamen
1402 811 1478 887 mi-’
1579 899 1584 911 ¹

3 945 5 950 ’
49 929 86 1006 hl
107 953 182 1003 non
197 923 365 1028 possunt,
393 915 481 1017 quin
496 911 603 989 ausun
620 836 762 1002 theereg
789 906 889 1008 quod
906 907 1093 1009 aliquoties
1112 909 1231 992 Iucliti
1251 909 1403 989 Ordinis
1420 911 1476 988 sui
1547 947 1585 992 ·.

48 1025 222 1117 Alumni,
251 1019 443 1126 prasertim
464 1004 501 1092 in
522 1040 601 1090 non
629 1009 771 1112 pridem
789 1009 915 1085 excusa
936 1009 1008 1086 vita
1031 1013 1065 1088 S.
1082 1012 1294 1088 Weuceslui
1320 1022 1356 1090 Bc
1371 1009 1476 1090 Lod-³

48 1131 145 1208 millu
169 1111 348 1204 scribunt:
398 1127 506 1195 Miror
523 1115 689 1190 Bullinum
717 1113 861 1223 nostrum.
917 1113 962 1188 Et
987 1109 1130 1212 de'quo
1156 1112 1237 1217 ipso
1255 1114 1477 1193 Clarissimus

48 1232 105 1308 Vir
123 1223 392 1307 Constantinus
408 1219 583 1320 Stryslrens
604 1217 626 1289 S
678 1213 842 1314 .Operts
866 1211 1090 1290 Bollandiani
1116 1213 1363 1292 Continuutor
1386 1243 1469 1296 eru-

12 1381 15 1386 ·
47 1331 221 1409 ditillimus
252 1325 289 1401 in
310 1325 366 1399 sue
390 1319 435 1398 ad
460 1345 518 1394 me
537 1318 597 1395 lv.
656 1341 720 1394 on·
743 1311 861 1407 lunias
887 1313 966 1392 data
990 1313 1139 1418 epistola
1156 1341 1173 1387 t
1219 1319 1365 1394 Balbinus
1390 1323 1473 1396 mlbt‘

48 1445 158 1509 attritus
174 1427 218 1505 ὕ
235 1423 494 1518 venerabilius,
512 1421 571 1518 scd
584 1428 684 1518 magis
699 1425 799 1489 amica
814 1415 857 1490 t5
873 1417 1051 1491 venerabilis
1068 1429 1194 1495 emtus.
1247 1419 1392 1512 Miror,
1410 1420 1467 1497 in-

49 1560 167 1634 quam,
196 1527 412 1616 Balbinum,
436 1521 498 1622 qui
518 1544 590 1595 tam
611 1513 722 1612 facile.
736 1515 899 1592 credulus
919 1517 1088 1620 nugatori
1116 1519 1200 1595 huic
1217 1522 1349 1614 Jounni
1365 1525 1468 1600 Klar-

47 1633 186 1711 tovsltio
206 1655 328 1708 aurem
356 1649 462 1725 atque
482 1619 591 1700 fidem
617 1614 828 1721 praebuerit,
856 1617 1068 1718 &spurium
1090 1615 1178 1696 illius
1202 1622 1467 1724 subjeetumque

47 1760 204 1833 partum,
231 1755 300 1834 pto
318 1753 407 1804 vero
425 1721 637 1821 vetustoque
653 1717 860 1822 agnoverit.
916 1723 995 1795 Nec
1014 1719 1110 1796 enirn
1124 1746 1168 1824 err
1189 1721 1271 1816 alio,
1290 1749 1397 1824 quarn
1417 1751 1465 1803 eo

48 1837 121 1940 ipso
140 1827 371 1912 Klettovsltio
399 1853 466 1930 per
487 1823 728 1918 conjeeturam
757 1818 867 1910 eruit,
894 1847 970 1920 qua
993 1820 1097 1922 supra
1124 1849 1168 1916 ex
1191 1821 1254 1900 illo
1274 1823 1467 1910 retulimus.
1585 1823 1588 1828 ’

1 1997 2 2004 1
47 1944 136 2014 Nam
162 1960 243 2013 cum
262 1935 418 2028 Joannes
438 1921 709 2011 Kluttovskius‚
735 1947 773 1996 ut
795 1921 830 1996 iu
853 1921 941 1998 illius
968 1923 1178 2024 prefatione
1197 1950 1279 2003 ante
1297 1928 1467 2008 memini·

46 2069 138 2125 urus,
166 2061 283 2114 narret
310 2025 651 2107 Revereodilhmum
677 2025 724 2099 D.
741 2025 929 2112 Decanum
966 2027 1290 2127 Metropolitanum
1318 2035 1466 2112 Petrum

45 2141 88 2217 de
109 2139 226 2215 Linde
250 2133 313 2208 stlri
340 2135 435 2204 hunc
463 2125 737 2226 ttrattuscri'ptunt
764 2125 928 2200 codicem
957 2127 1201 2226 exquisivisse,
1227 2133 1378 2212 Balbino
1404 2143 1468 2212 ou··'

33 2265 117 2318 'tem
141 2263 218 2312 nou
249 2229 477 2332 incognitum
502 2225 667 2302 fueritin
698 2223 839 2302 Decani
865 2226 1146 2329 Metropolitum
1170 2228 1285 2307 domo
1310 2259 1351 2310 ec
1379 2233 1463 2310 rest.

1 2411 2 2422 r
44 2338 163 2418 dentia
180 2333 436 2413 Bibliotltecam
454 2327 772 2431 Metropolitanum
794 2325 943 2418 servari,
965 2353 1030 2429 per
1050 2327 1296 2406 rationabilem
1316 2333 1463 2428 conjec-

43 2468 156 2519 turam
189 2434 305 2515 verbis
324 2429 471 2530 joannis
498 2427 710 2507 Klattovslrii
736 2427 899 2506 indultus
918 2429 986 2521 est,
1013 2454 1052 2506 ut
1069 2428 1133 2507 stbi
1161 2435 1366 2535 persuaserit
1385 2441 1463 2514 lto-

44 2539 205 2621 tonranni
228 2536 329 2630 hujus
347 2537 404 2612 l'eu
425 2531 589 2610 Radimili
607 2535 685 2607 MS.
707 2527 744 2604 in
764 2530 987 2608 Bibliotheca
1005 2534 1293 2636 Metropolitana
1311 2535 1467 2614 asserva:

46 2643 95 2738 ri,
119 2669 223 2743 utque
242 2635 424 2742 superiore
453 2636 576 2711 seculo
600 2658 619 2708 a
639 2636 780 2740 joanne
798 2634 1026 2712 Klattorsltio
1052 2635 1230 2712 detectum
1259 2639 1356 2732 else,
1381 2667 1463 2717 cum

45 2771 157 2822 tutnen
174 2745 301 2819 author
327 2739 388 2816 hic
413 2757 492 2814 uec·
508 2737 544 2812 in
563 2735 746 2836 Catalogo
771 2741 1069 2825 membranaceo,
1097 2766 1165 2814 nec
1192 2741 1380 2817 chartaceo
1404 2767 1463 2816 re-

45 2844 193 2926 centiori
213 2825 347 2944 uspiam
367 2839 461 2915 inter
483 2837 595 2914 libros
611 2835 839 2914 Bibliotheca
851 2839 1143 2940 Metropolitanae
1160 2840 1390 2944 conhgnurus
1408 2841 1462 2934 stt,

44 2947 171 3048 quina
190 2942 338 3038 nemine
350 2939 409 3018 seu
424 2938 642 3016 veteriorum
670 2939 729 3016 seu
757 2937 1021 3015 hodiernorum
1041 2967 1195 3042 unquam
1219 2939 1330 3036 visus,
1356 2968 1461 3019 com-

44 3069 342 3146 memoratusque.
413 3037 491 3116 Nisi
517 3039 637 3118 dicere
653 3039 815 3116 malimus
833 3040 1019 3118 Balbinum
1042 3043 1116 3119 huc
1136 3041 1393 3146 posterioribus
1420 3043 1461 3121 li·

42 3149 112 3224 bris
133 3145 341 3224 retrudasse.
400 3143 495 3217 Nam
520 3165 696 3219 memorat
718 3140 931 3219 dodillimus
953 3143 1014 3218 Vir
1029 3145 1268 3224 Bernardinus
1289 3149 1402 3226 Erber
1425 3149 1461 3228 S.
1581 3158 1586 3172 ¹

1 3295 2 3299 =
43 3252 72 3345 J.
92 3257 138 3332 (a)
164 3247 349 3325 Balbinum
369 3241 517 3320 asserere
535 3245 609 3320 hoc
626 3245 705 3321 MS.
727 3249 812 3320 tnula
829 3252 991 3346 adpetitu
1009 3250 1122 3322 uxori
1137 3279 1233 3326 manu
1252 3249 1320 3328 esse
1335 3252 1461 3328 elabo-

1 3399 2 3410 κ
43 3375 161 3429 ratum.
214 3347 436 3448 Quanquam
462 3345 557 3422 ultro
577 3345 752 3422 confitear
771 3371 829 3424 me
847 3344 1017 3448 ignorare
1043 3349 1186 3444 locum,
1213 3375 1287 3449 quo
1316 3351 1354 3424 id
1373 3351 1459 3426 scri·

42 3452 98 3529 but
115 3452 289 3530 Balbinus.
338 3453 385 3525 Et
403 3445 571 3548 profeeto
593 3473 671 3523 non
700 3467 774 3523 uuo
793 3449 878 3528 loco
910 3448 946 3524 in
970 3449 1037 3524 hac
1060 3447 1205 3524 historia
1230 3475 1459 3528 commemo·

41 3553 141 3631 randa
160 3551 310 3636 uariauit
327 3547 511 3626 Balbinust
538 3551 634 3626 Num
652 3573 733 3624 cunt
749 3546 785 3625 in
803 3547 974 3650 Epitome
988 3548 1045 3624 sua
1064 3547 1203 3626 dixisset
1216 3554 1326 3627 Auno
1351 3571 1458 3648 1158.
1564 3627 1570 3638 ,

42 3655 242 3732 coenobium
274 3645 529 3730 Glartoviense
547 3647 765 3738 conditum,
793 3649 900 3749 eique
923 3654 1190 3728 Rotomannum
1219 3652 1460 3730 lenitudinis

42 3756 107 3832 lum
123 3756 224 3850 huius
243 3750 396 3830 historia
419 3745 607 3829 authorem
629 3749 785 3852 primum
809 3752 987 3828 Abbutem
1013 3749 1114 3828 fuisse
1133 3751 1282 3847 datum,
1310 3755 1458 3834 demum

36 3851 75 3930 in
92 3855 248 3935 Historia
267 3859 411 3934 Ducum
430 3853 530 3954 supra
547 3856 655 3928 relata
681 3849 727 3928 ait
746 3853 840 3930 benc
857 3849 1041 3928 hisloriam
1067 3877 1138 3930 arete
1153 3855 1309 3953 sexcentos
1327 3862 1370 3936 hl*
1385 3889 1458 3935 um-

41 3961 113 4136 plt'tp
134 3969 230 4136 auntp
246 3955 424 4061 scriptam.
486 3957 567 4034 (utri
585 3979 703 4032 autem
717 3979 810 4133 &ute
830 3954 988 4057 ftxcrntrs
1014 3953 1057 4033 ΕΤ
1075 3961 1339 4060 ampliaremus?
1374 3987 1456 4038 cum

113 4084 176 4142 aits
221 4117 231 4141 .
565 4084 569 4094 ·
713 4121 716 4132 .
783 4081 808 4132 o
1360 4059 1404 4139 ab

2 1057 11 1142 l.

79 4272 125 4356 (a)
146 4279 259 4344 Neritia
277 4273 396 4342 lllustris
417 4273 511 4360 Regui
532 4274 653 4342 Bolum.
668 4295 693 4338 e.
714 4273 774 4336 Uu.
789 4293 820 4357 p.
838 4273 890 4355 36.
