3906 4840
364 297 373 308 -
482 243 678 322 Ranttl.
707 243 1025 322 Rsrttxtottts
1047 242 1075 318 Ι.
1100 243 1133 338 §-
1162 245 1226 323 XL
1468 265 1553 339 ¹to9

402 358 404 371 ι
1427 347 1444 377 ι

131 417 228 475 veto
249 390 306 486 aio
322 391 360 472 in
377 389 584 470 Ptodtomo
601 417 686 470 meo
709 391 834 488 senno
852 391 909 469 seu
926 392 1043 491 leena
1060 451 1071 487 ‚
1086 389 1163 498 'per
1180 417 1288 472 voces
1305 390 1367 470 bas
1388 408 1548 469 veterem
1560 387 1719 470 Lucnu

49 495 54 508 '
129 497 367 598 scriptionem
402 491 551 590 innuere
581 492 709 585 uolui,
742 520 824 570 curn
849 491 998 590 majores
1020 493 1133 572 nostri
1159 521 1286 602 purum
1310 492 1445 576 literam
1468 488 1546 566 bita

2 623 4 680 τ
124 597 195 674 usu
216 619 293 672 non
318 593 544 684 bibuerunt3
577 619 726 691 eamque
743 593 885 697 pallini,
911 619 1013 700 petg
1030 618 1088 676 aut
1104 595 1208 694 etiem
1234 603 1270 674 cb
1293 591 1561 688 reddideruntp

1 770 6 784 ,
124 722 169 773 ut
185 693 339 772 crebrius
355 693 435 770 alias
455 691 585 788 docui,
613 693 842 795 probarique
861 721 925 798 pet
943 721 1070 790 voces,
1088 696 1208 796 ane,
1235 717 1303 794 aot
1313 745 1326 794 2
1354 696 1541 788 diospontii,

125 801 349 890 multatae,
373 795 498 890 Duae
515 801 581 872 &c
599 794 813 894 quebodie
828 795 955 894 Buba,
983 793 1083 898 suot,
1108 793 1302 894 bospoolu,
1330 796 1541 890 millesias,
1633 867 1640 878 ,

132 899 258 990 prebe
273 889 472 986 scribimus,
488 905 801 994 enunciamusque.
852 893 920 970 Sed
938 920 974 972 tu
996 895 1117 975 nescio
1141 895 1230 974 mibi
1249 921 1341 996 quos
1364 893 1541 972 vetustissi·

126 1021 214 1075 mos
230 999 332 1072 MSS.
346 991 490 1074 codices
508 997 592 1090 Juta
608 994 758 1072 feudalia
779 997 942 1073 sermone
963 997 1081 1099 patrio
1094 998 1285 1082 reserentes
1304 997 1476 1088 obaudis,
1503 993 1541 1072 in

130 1097 261 1200 quibus
283 1095 429 1176 feudum
452 1097 551 1176 dtus
576 1103 612 1172 δι
626 1101 758 1192 Datne
774 1096 887 1193 niuja
905 1098 1091 1196 mansis&
1109 1100 1325 1201 appellalum
1345 1095 1541 1200 repeteris:

114 1197 193 1302 'ubi
210 1221 298 1275 veto
315 1195 394 1274 sunt
409 1193 437 1270 ii
453 1195 597 1275 codices
617 1194 849 1286 vetustissimi}
874 1197 935 1272 ubi
950 1197 1054 1274 lectis
1081 1199 1156 1274 heri
1175 1225 1308 1301 nempe
1325 1222 1383 1274 atu
1412 1197 1540 1273 nudius

125 1297 250 1378 tertius
267 1296 342 1374 nati
360 1295 501 1374 codices
519 1297 587 1374 tibi
604 1295 819 1376 uetustissimi
839 1297 940 1372 sunt?
967 1322 1011 1373 tn
1028 1323 1105 1375 non
1124 1299 1257 1398 liquida
1278 1299 1376 1376 litera
1394 1297 1457 1374 sin
1474 1322 1540 1373 uo·

122 1425 168 1478 ce
185 1397 300 1498 Dibja
321 1395 476 1484 ostendit
491 1396 656 1476 codicem
673 1397 895 1484 novissimum
912 1401 924 1474 ἓ
952 1399 1029 1498 quis
1050 1398 1226 1494 majorum
1246 1399 1450 1478 nostrorum
1467 1400 1540 1472 Sla-·

121 1523 331 1600 torumque
348 1509 508 1576 veterum
528 1497 634 1575 novit
647 1497 794 1599 liquidas
813 1497 927 1573 literas
945 1502 957 1575 i
985 1501 1066 1603 lege
1082 1499 1290 1576 Dalimilum
1310 1501 1344 1575 iu
1365 1498 1541 1601 prefatio·
1591 1591 1594 1596 .

2 1618 3 1678 3
36 1645 42 1654 ·
122 1625 175 1676 ne
199 1599 257 1675 sua
283 1597 437 1700 pluribus
462 1597 602 1704 paginis
620 1602 686 1676 hac
702 1597 748 1678 de
773 1622 812 1673 te
828 1597 1076 1701 disputantem.
1143 1601 1235 1703 Legi
1253 1625 1327 1701 ego
1352 1600 1540 1700 antiquum

2 1714 3 1768 1
125 1703 191 1796 Jus
207 1699 478 1802 feudaleptisco
495 1700 612 1778 adhuc
638 1700 700 1777 illo
725 1697 899 1796 majorum
924 1697 1138 1776 nostrorum·
1152 1700 1319 1795 sermone
1341 1725 1541 1793 exaratum,

2 1887 3 1892 η
124 1797 286 1902 illudque
302 1801 513 1904 exscriptum
533 1801 650 1878 habeo
661 1803 787 1878 Tomo
796 1799 928 1878 XXIV.
939 1799 1236 1892 collectaneorum
1255 1803 1418 1878 meorum
1437 1803 1537 1876 MSS.

2 1929 4 1982 ι
124 1897 376 1994 ineditorum,
403 1927 447 1976 ex
476 1926 551 2002 quo
578 1901 647 1994 jam
675 1899 781 1977 etiam
809 1903 983 1979 nonnulla
1015 1901 1214 2006 fragmenta
1245 1897 1421 2002 opusculis
1453 1901 1539 1976 meis
1598 1893 1601 1905 ’

2 2041 4 2090 :
124 1999 284 2094 inserui,
308 2003 481 2102 nusquam
506 1999 545 2078 in
565 1998 631 2078 illo
651 2001 722 2078 bec
746 2001 871 2078 suculis
898 1997 1026 2076 nostris
1050 2026 1154 2078 enata
1172 2003 1346 2078 vocabula
1366 2003 1463 2079 sliaa
1482 2026 1541 2077 aut

117 2102 302 2198 -ἵῐῖιηῐῐωῑ
321 2101 558 2205 deprehendi.
612 2101 681 2179 Sed
696 2129 742 2178 ne
760 2103 928 2201 suipertus
942 2100 1007 2176 tibi
1024 2101 1155 2202 deside
1171 2102 1269 2198 liujus
1290 2100 1423 2179 codicis
1438 2103 1540 2177 siam:

122 2199 236 2278 exstat
253 2200 294 2278 in
315 2204 461 2278 Tabulis
477 2201 610 2280 Aulicis
628 2201 857 2298 feudalibus,
882 2202 998 2278 codex
1017 2204 1110 2276 rudis
1128 2201 1195 2293 est,
1222 2229 1289 2278 nec
1309 2229 1445 2303 inagna
1464 2229 1541 2278 mo·

42 2357 48 2366 ·
80 2361 82 2373 .
124 2299 179 2391 lis,
197 2303 316 2379 cbarm
332 2301 377 2378 nd
395 2300 475 2378 folii
490 2301 601 2378 bodie
619 2301 906 2380 mannitudinetn
926 2303 1138 2392 accedente,
1165 2301 1310 2400 scriptus
1328 2299 1353 2375 is
1378 2301 1428 2376 est
1442 2327 1540 2376 anno

2 2463 3 2472 2
128 2428 239 2502 1359.
260 2406 460 2504 charactere
474 2405 622 2478 mttltum
641 2371 800 2484 insonui.
851 2406 893 2476 In
913 2403 985 2478 hoo
1003 2401 1113 2478 vereri
1130 2401 1205 2498 jure
1227 2399 1379 2492 feudali,
1403 2427 1480 2476 non
1498 2401 1538 2493 is,
1610 2445 1616 2448 -

2 2513 3 2603 f
123 2531 231 2603 quem
249 2503 395 2578 Lucifer
414 2527 489 2580 tuus
510 2503 668 2580 venditat
685 2501 804 2578 titulus
828 2501 895 2592 est,
922 2525 975 2576 ut:
1001 2506 1136 2600 &aaa
1157 2505 1332 2598 stubaluj,
1361 2501 1462 2597 quod
1477 2499 1537 2577 ali-

2 2653 3 2690 ξ
123 2605 273 2704 quando
290 2603 381 2680 inter
397 2609 539 2679 Tomos
560 2627 659 2678 meos
679 2601 833 2698 ineditos
848 2601 1014 2678 excusum
1040 2628 1241 2704 reperturus
1260 2627 1306 2678 es.
1367 2599 1442 2678 Nifi
1462 2629 1535 2703 poe-
1564 2635 1566 2650 ¹

1 2709 5 2739 ³
123 2705 253 2782 niteret
280 2731 400 2806 operae
415 2703 451 2780 iu
476 2703 701 2803 exquirendis
719 2701 971 2806 diplomatibus
994 2699 1080 2778 meis
1103 2701 1282 2800 antiquis,
1303 2701 1435 2782 ¹mensis
1450 2728 1538 2780 vern
1564 2723 1568 2732 ·

122 2805 187 2882 vix
208 2808 309 2910 perle
338 2805 636 2895 endissufficeret,
662 2803 884 2879 ostenderem
911 2801 975 2878 tibi
993 2828 1036 2878 ex
1056 2803 1286 2904 autographis
1313 2802 1539 2886 membrana·

121 2907 194 2984 ceis
214 2933 290 2984 non
309 2829 417 2982 semel
441 2907 508 2987 hac
529 2904 653 2980 eadem
672 2903 862 3005 scriptione
878 2901 994 2996 scano
1022 2927 1090 3006 pto
1115 2903 1282 2979 hominio
1307 2900 1537 3005 homagio&
1620 2921 1627 2930 “

2 3045 3 3060 ¹
123 3005 237 3086 feudo
266 3006 497 3096 amarioribus
524 3003 650 3083 noslris
684 3001 783 3082 fuisse
814 3005 1035 3104 usurpatum,
1061 3001 1297 3102 meminitque
1323 3001 1397 3106 ipse
1423 3005 1534 3078 scriba

2 3149 3 3206 3
124 3097 939 3208 meussesepiusltancvooemexscriplilse.'
982 3102 1050 3179 Sed
1069 3104 1237 3203 quorsum
1267 3103 1341 3181 bac
1357 3102 1532 3204 disputo!
1589 3139 1605 3184 .·
1714 3115 1735 3160 ·’

1 3223 5 3305 3
123 3232 170 3284 an
189 3231 229 3283 tu
246 3207 419 3284 invidiose
428 3205 569 3283 Lucifer
585 3203 703 3309 putria
721 3205 850 3310 lingua
865 3229 942 3279 non
960 3202 1093 3282 nescius
1111 3201 1281 3307 ignorasti
1299 3231 1428 3284 vocem
1442 3205 1536 3302 stas·

2 3308 3 3358 3
122 3335 169 3390 ao
192 3307 276 3388 dum
304 3310 497 3386 humanum
522 3306 703 3398 limetum,
730 3311 938 3404 oletumque
965 3327 1164 3397 connotat,
1189 3305 1302 3409 longe
1330 3305 1403 3380 aliis
1428 3303 1534 3402 scribi

2 3437 3 3440 ¹
122 3407 262 3486 literis}
290 3435 334 3486 an
361 3436 436 3486 non
465 3409 500 3482 in
528 3405 694 3484 omuibus
717 3407 820 3508 supra
845 3404 1047 3481 memoratis
1065 3403 1202 3481 Lexicis
1229 3401 1536 3504 vocabulariisque

2 3599 4 3609 Ι
123 3508 161 3584 id
182 3537 246 3610 pet
264 3533 426 3610 ynempe
449 3507 557 3594 scyno
577 3507 745 3614 scriptum
764 3505 999 3604 excusumque
1027 3504 1317 3608 deprehendistis
1343 3527 1479 3580 veteres
1496 3503 1535 3578 id

2 3661 3 3676 2
123 3611 163 3710 pl
184 3636 230 3686 ne
247 3611 361 3706 scyno
378 3609 616 3720 scripserunt,
644 3633 681 3684 ut
697 3608 734 3684 in
753 3595 990 3706 antiquiffirn‘o
1010 3663 1022 3692 ,
1052 3631 1127 3704 quo
1144 3627 1232 3708 gens
1250 3603 1370 3680 nostra
1389 3603 1536 3708 gautlet,

2 3719 3 3784 l
121 3710 352 3788 vocabulario
365 3709 541 3788 Ladrfeto
560 3708 707 3805 Jounnis
724 3706 873 3785 Ordinis
894 3704 1082 3782 Minorum
1099 3709 1131 3782 S.
1143 3704 1313 3781 Francisci
1333 3708 1453 3808 Ptagae
1470 3729 1535 3778 an-

2 3863 3 3882 ]
121 3835 174 3888 no
194 3835 305 3904 1511.
324 3813 472 3901 exorso,
508 3809 593 3885 item
620 3808 658 3884 in
681 3811 792 3910 altero
817 3805 908 3909 puris
933 3804 1006 3884 fere
1030 3805 1135 3882 etatis
1163 3803 1391 3882 Didionario
1410 3802 1537 3899 jacobi

121 3907 291 3987 Ritchelii
309 3908 496 3990 Olomucii
515 3907 686 4012 impresso
710 3911 830 4012 legere
848 3905 907 3984 est.
960 3909 1046 3982 Hac
1070 3909 1213 4010 longius
1229 3906 1393 4009 persequi
1420 3906 1538 3982 ueces-

2 4032 3 4116 l
121 4009 307 4099 sumeret,
334 4034 373 4088 ut
390 4037 448 4088 me
476 4009 674 4110 suspicione
697 4008 879 4086 calumnia·
903 4007 999 4111 apud
1023 4005 1178 4084 inclitum
1196 4012 1372 4084 l’olonaru
1390 4030 1538 4105 nentem

2 4153 7 4259 p
122 4137 402 4218 perpurgarenr‚
427 4109 724 4212 ostenderemque
748 4107 913 4290 pagidnrn
938 4109 1153 4211 figmentum
1180 4092 1540 4282 malevolentiaLmque

851 4233 871 4307 3
909 4289 913 4296 ·
1450 4231 1492 4280 ¹¹·
