3906 4840
125 357 129 364 ⁸
175 388 344 508 Luctare.
384 399 387 406 “

412 241 464 315 90
908 211 1266 293 ,Carnuntum
1295 213 1303 246 ¹

408 363 469 460 ni,
494 373 687 444 nam'eum
716 359 903 539 striqttores
929 381 1028 440 artare
1061 359 1118 438 sua
1139 337 1343 476 sssuperiotes
1368 359 1594 442 historiarum
1628 363 1832 468 patriarum

408 490 488 544 non
505 465 651 569 ignaros
667 465 781 542 credit
794 459 1120 556 erint‚censuerint,
1138 485 1296 562 mquam,
1307 490 1366 543 eos
1384 463 1441 538 sua
1459 489 1503 539 ex
1518 462 1676 542 Fontibus
1695 465 1830 545 hausti}

408 566 472 658 se,
497 569 596 642 bona
624 563 696 644 fide
716 565 794 641 illos
819 560 1046 654 securi-sunt,
1067 585 1173 660 atque
1199 561 1337 640 idcirco
1364 563 1457 668 apud
1485 565 1702 644 hodiernum
1726 565 1829 646 criti.

410 693 493 743 cum
511 666 667 741 saeculnm
689 664 790 742 omni
809 665 913 778 culpa
940 661 1041 738 liberi
1067 661 1360 762 pronunciantur.
1413 665 1493 738 ilios
1521 663 1597 739 illua
1629 665 1722 741 solos
1750 693 1826 743 nae.

338 845 345 852 ,
373 751 377 762 ’
409 793 495 842 vum
513 773 548 842 δι
564 767 698 840 macula
717 765 891 868 aspetgtt,
918 758 980 862 qui
1002 785 1082 836 cum
1102 759 1211 838 hodie
1225 762 1285 837 tibi
1305 761 1421 837 fontes
1440 761 1829 866 ostendiptudueique

193 939 197 946 ,
296 953 300 958 ¹
407 864 551 955 vident,
578 864 659 965 puli
678 865 810 938 rivulos
831 871 867 940 &
891 859 1043 936 turbidat
1062 882 1168 958 aquas
1188 859 1353 964 peritiam
1378 861 1498 938 fronte
1514 888 1655 938 currere
1676 868 1825 960 malunt,

407 990 514 1062 qnam
526 988 563 1046 ut
579 990 622 1040 ex
642 961 721 1066 ipsu
733 961 828 1065 puris
845 959 1002 1037 fontibus
1019 958 1109 1034 sttim
1125 962 1304 1062 expleant.
1357 963 1502 1062 Nempe
1519 961 1826 1062 sapienterDirus

404 1065 670 1166 Hieronymus:
699 1068 804 1138 Nullus
817 1060 1118 1162 iutptrr'tussrrt'pror'
1135 1064 1172 1158 ιβ
1181 1117 1192 1154 ,
1218 1072 1273 1164 qui
1293 1065 1432 1137 terrorum
1451 1093 1520 1136 nou.
1530 1073 1667 1138 inveniat
1674 1063 1726 1160 Jt'u'
1733 1071 1827 1161 fimi-

403 1171 463 1240 iam
472 1221 483 1257 ,
510 1170 664 1266 multoque
674 1184 753 1264 pars
769 1173 868 1266 major
887 1165 947 1258 ιβ,
977 1159 1241 1260 Milcfiasjabrliut
1256 1167 1494 1247 revolventium,
1520 1191 1614 1262 quum
1634 1161 1827 1237 tramisit·-

404 1267 484 1340 iras.
563 1269 608 1337 'In
626 1268 721 1338 altero
747 1277 828 1341 enim
854 1266 946 1339 ludus
968 1258 1010 1337 &³
1029 1261 1180 1345 abranam
1202 1264 1265 1365 asi,
1294 1272 1332 1342 in
1358 1267 1455 1338 ultera
1481 1263 1641 1361 difficultas
1666 1262 1709 1342 ὅ
1718 1265 1825 1366 sudur

403 1376 521 1442 mixtus
539 1363 645 1442 labori.
674 1355 728 1450 (a)
752 1431 754 1436 .

961 1563 1044 1670 aa
1094 1572 1138 1685 §-
1179 1563 1260 1666 tn.

458 1789 463 1798 '
518 1776 544 1849 Ι.
578 1765 772 1849 Descendit
791 1767 836 1844 ed
853 1757 1121 1872 argumentum,
1146 1767 1213 1864 jam
1233 1793 1364 1844 annum
1389 1767 1520 1846 abhinc
1536 1769 1681 1846 alterum
1698 1771 1820 1850 aCol·

366 1947 368 1970 q
407 1872 490 1972 lega
513 1896 577 1946 tuo
608 1891 921 1972 praeoccupatum,
948 1872 997 1948 (b)
1032 1869 1150 1970 aisque
1176 1869 1350 1946 strenuum
1383 1869 1467 1945 illud
1487 1871 1819 1983 veterumvscripto-

407 1997 484 2045 rum
502 1969 730 2059 nostrorum,
757 1996 832 2066 quae
850 1969 1057 2046 memoriam
1075 1969 1212 2047 Czechi
1232 1969 1267 2045 in
1284 1969 1349 2044 suis
1367 1967 1502 2072 seriptis
1526 1995 1741 2085 pratertere,
1759 2003 1819 2048 tu·-

400 2095 581 2173 ,gemmeum
601 2100 684 2146 nure
704 2071 753 2168 effe
780 2081 973 2170 negativum,
998 2068 1055 2144 cui
1079 2067 1191 2144 tenuis
1213 2094 1270 2146 aur
1285 2072 1378 2146 nniia
1403 2072 1455 2144 vis
1482 2068 1571 2150 inita.
1622 2075 1706 2173 Ego
1722 2097 1817 2150 vero

316 2177 318 2190 '
405 2196 528 2271 nego,
554 2195 797 2269 nusquamque
813 2168 877 2244 tibi
906 2197 964 2246 aur
987 2171 1148 2273 Collegae
1174 2194 1237 2246 tuo
1255 2169 1420 2246 concedo
1436 2195 1685 2346 aqqttmentunr
1710 2172 1755 2248 de
1772 2173 1817 2249 sr-

1488 2293 1497 2342 t

405 2269 518 2346 lentio
536 2270 673 2365 Czechi
691 2295 789 2344 mere
806 2268 875 2383 effe
890 2269 1110 2374 negativum.
1161 2269 1196 2345 Si
1213 2269 1307 2345 enim
1328 2269 1445 2344 vestro
1500 2270 1645 2346 armenico
1661 2275 1815 2370 loquen-

230 2426 232 2444 .
289 2423 291 2428 -
407 2367 444 2442 di
470 2369 539 2445 ritu
555 2371 651 2446 sensa
674 2393 752 2446 mea
775 2395 976 2472 expnmete
995 2371 1043 2446 fas
1062 2369 1127 2463 est,
1154 2369 1211 2464 ajo
1228 2393 1476 2472 argumentum
1497 2371 1569 2446 hoc
1586 2370 1687 2448 srmul
1702 2373 1814 2446 maxi-

348 2551 355 2562 ‚
404 2496 464 2546 me
490 2471 557 2546 effe
583 2476 757 2569 postratum.
833 2475 1066 2568 preterquam
1092 2469 1190 2544 enim
1217 2469 1316 2568 quod
1344 2495 1480 2545 veteres
1516 2469 1620 2570 patrii
1649 2470 1813 2549 historici

404 2595 577 2668 nusquam
600 2569 739 2647 Czechi
761 2567 1021 2661 meminerint,
1055 2568 1103 2643 illi
1129 2569 1234 2644 aliurn
1264 2569 1489 2646 conditorem
1513 2570 1643 2672 gentis·
1661 2571 1814 2650 nomine

311 2765 313 2768 Ι
403 2676 576 2746 Bohtmum
590 2669 771 2771 produnt,
797 2668 882 2780 quin
907 2667 1029 2746 imo·s1
1054 2667 1099 2743 ad
1121 2667 1280 2748 stateram
1302 2668 1549 2782 ertpeqdantur
1566 2670 1673 2778 primi
1691 2672 1814 2748 'nostri

403 2770 506 2870 patrii
526 2769 706 2870 scriptoris
730 2767 937 2844 Chrrstanni
966 2769 1096 2860 verba,
1122 2767 1313 2870 positivum
1339 2793 1373 2846 m
1390 2783 1439 2845 ns
1462 2795 1711 2872 argumentum
1739 2774 1814 2847 ob-

282 2867 285 2872 ’
401 2871 566 2944 volutum
590 2867 657 2959 est,
685 2894 765 2943 cum
786 2869 930 2946 affirmat
950 2869 1051 2972 genti
1068 2867 1193 2944 nostrae
1210 2893 1291 2946 ante
1308 2868 1537 2945 Przemislum
1561 2873 1693 2947 nullum
1706 2871 1806 2947 Prin·

402 2969 521 3068 cipem
546 2991 603 3044 aut
621 2975 827 3060 Reeiorem,
855 2993 961 3066 utque
985 2968 1120 3046 idcirco
1146 2994 1265 3067 neque
1284 2971 1471 3046 Czechur'n
1495 2970 1698 3073 quempiam
1724 2969 1813 3048 fuis-

401 3067 446 3144 se.
516 3071 574 3142 Ne
594 3091 712 3144 tamen
734 3091 996 3168 argumentum
1012 3067 1239 3158 negativum,
1266 3069 1376 3145 cuitu
1397 3075 1433 3146 iit
1451 3070 1604 3176 Collega
1624 3098 1700 3147 tuus
1713 3077 1821 3168 forn·⁴
1841 3131 1846 3137 -

399 3191 484 3240 nem
507 3165 580 3243 uim
601 3167 815 3268 pondusque
831 3165 1037 3268 derogatis,
1058 3153 1245 3243 iieseruiiie
1263 3167 1402 3259 ridear,
1429 3169 1474 3242 de
1502 3170 1563 3246 illo
1586 3171 1645 3247 hic
1664 3171 1731 3268 jam
1756 3175 1809 3248 io·

398 3266 741 3364 cupietiuerraetare
767 3266 862 3343 libet.
938 3271 1034 3344 Arne
1054 3267 1175 3342 omnia
1200 3290 1291 3344 veru
1317 3270 1398 3360 aior
1428 3267 1677 3372 distinguenda
1704 3274 1812 3351 vobis

398 3364 500 3440 fuisse
527 3393 660 3470 genera
690 3364 849 3468 negativi
883 3366 1107 3466 argumenti,
1134 3391 1286 3465 quorum
1313 3369 1378 3468 tria
1401 3367 1477 3446 imo
1504 3395 1657 3479 quatuor
1683 3373 1719 3448 in
1745 3399 1810 3450 au-

399 3465 582 3560 thuribus,
610 3466 671 3566 qui
698 3465 888 3542 materiem
907 3467 999 3542 hanc
1020 3465 1066 3542 de
1083 3465 1252 3541 industria
1281 3470 1454 3570 persecuti
1480 3469 1578 3562 sunt,
1605 3473 1810 3574 'deprehen-

399 3562 467 3639 suri
490 3565 595 3658 estis,
621 3575 656 3646 δι
677 3567 864 3666 prasertim
892 3565 1199 3668 cognoscendum,
1218 3594 1302 3643 num
1332 3568 1457 3670 primi,
1484 3598 1569 3648 num
1589 3572 1704 3650 infimi
1722 3576 1809 3653 effer
1891 3649 1897 3660 ,

398 3663 570 3764 generis}
599 3666 708 3740 Primi
727 3667 873 3769 generis
900 3691 1147 3769 argumentum
1174 3667 1382 3769 negativum
1414 3669 1480 3756 est,
1500 3677 1531 3767 -fi
1552 3677 1693 3748 authores
1715 3678 1755 3750 dc
1774 3707 1812 3754 rr

394 3769 542 3868 loquendi
559 3772 753 3864 vetustorum,
770 3769 1020 3873 ntcefflnurmque
1034 3769 1177 3860 habunt,
1203 3767 1246 3866 Εἴ
1262 3765 1456 3850 nihilonimus
1481 3781 1528 3844 νεὶ
1545 3775 1812 3852 'commemoratio-

1686 3906 1758 3951 nem

435 4104 483 4186 (a)
526 4107 556 4172 S.
577 4108 696 4171 Hieron.
717 4109 735 4167 l.
759 4123 786 4168 1.
804 4107 881 4186 epist.
903 4109 1005 4188 31.‹ad
1025 4107 1219 4194 Eustachium.
1264 4108 1312 4192 (b)
1334 4113 1510 4176 Introdufflo
1537 4119 1573 4180 ad
1592 4113 1698 4180 fircram
1718 4119 1809 4184 hine.

525 4193 597 4253 riam
613 4190 755 4252 Bohemiae
774 4189 837 4252 stri.
857 4207 884 4271 3.
902 4197 930 4276 §.
943 4209 993 4276 27.
1015 4217 1045 4278 p.
1060 4191 1151 4258 XCV.
1211 4207 1217 4224 ⁸
