3906 4840
430 296 478 374 86
629 289 633 306 “
955 271 1299 364 Coururnr'rn'
1353 247 1362 264 ’

428 435 615 537 relenstndt'r
629 429 857 530 circutnllanlt'r's
885 439 1028 528 tentpott‘s
1045 441 1127 506 circ-a
1146 418 1257 508 alnum
1285 457 1415 510 rtrorttrrt
1439 439 1509 536 ajat.
1570 430 1662 506 buo
1687 415 1763 507 satis
1786 424 1850 508 dia
1937 523 1938 526 Ἴ

428 562 508 644 gno
536 534 687 618 nomine
715 533 810 608 hanc
838 531 1053 632 compellent
1085 531 1286 608 audaciam}
1322 535 1450 610 hereo.
1503 531 1607 608 (duitl
1637 556 1674 608 tu
1699 533 1851 610 Lucifer·
1936 535 1938 600 ἰ

320 689 328 709 .
429 635 555 715 metuis
565 687 576 729 ,
595 657 631 711 ut
651 645 919 711 controvertam
938 629 1121 706 Christum
1140 638 1340 712 niortuuml
1366 651 1403 709 tu
1420 630 1655 710 Christianam
1677 631 1850 732 pietatem

427 763 575 832 meam,
612 760 717 834 quam
748 735 829 808 Deo'
853 727 1097 832 religionique
1121 732 1259 826 debeo,
1287 733 1446 820 vellices,
1481 759 1522 808 ac
1547 731 1583 808 in
1608 731 1850 834 suspicionem
1936 737 1938 750 '

427 861 634 934 metumque
665 830 808 936 perjurii
834 831 1004 906 adducas}
1032 833 1070 906 in
1089 853 1156 930 qua
1174 831 1369 910 dialehicet
1396 833 1513 908 schola
1531 829 1577 910 nd
1594 856 1690 910 tanta
1707 835 1854 936 sophis*

422 961 520 1016 mata
540 935 745 1012 efformatus
764 959 819 1042 es,
845 929 1106 1035 ungraeilstmis
1133 931 1325 1032 momentis
1342 933 1518 1030 causisque
1535 935 1764 1036 pretermiffis
1789 959 1851 1011 ar«
1937 975 1938 984 κ

427 1059 638 1142 gutnenturn
660 1060 770 1108 unum
790 1032 995 1130 solumque,
1024 1031 1125 1132 quod
1150 1031 1290 1108 minimi
1308 1030 1449 1135 generis
1469 1055 1508 1108 ac
1525 1032 1697 1136 ponderis
1713 1034 1781 1126 est,
1808 1031 1852 1114 in

427 1131 774 1241 argumentationem
792 1134 926 1225 trahas,
945 1158 1123 1232 excoque
1141 1131 1354 1210 concludasl
1382 1133 1517 1210 ltleone
1533 1138 1646 1208 solutu
1656 1135 1851 1210 Czechum
1937 1195 1938 1198 ,

349 1287 353 1296 ·
427 1240 581 1316 fabulam
602 1235 698 1327 dixi,
725 1231 807 1410 plaia
825 1235 991 1309 authores
1010 1232 1047 1308 in
1064 1233 1233 1328 atljuntltis
1252 1233 1345 1325 loci,
1373 1233 1568 1336 temporis,
1594 1233 1740 1333 aliisque
1768 1261 1851 1312 nara
1936 1273 1938 1336 3

426 1337 576 1416 rationis
594 1337 725 1414 circum
758 1332 859 1410 antiis
884 1358 961 1410 non
981 1334 1226 1412 conveniunt
1278 1338 1365 1410 Hoc
1380 1361 1426 1410 ne
1448 1359 1521 1414 uno
1546 1338 1728 1434 cacapite
1746 1362 1766 1410 e
1784 1363 1852 1439 pua·
1936 1343 1938 1358 “

426 1441 499 1517 triis
527 1436 709 1514 annalibus
725 1435 1009 1535 expungendum
1032 1433 1173 1527 asserui,
1199 1434 1455 1538 probarique}
1509 1441 1567 1511 nn
1585 1461 1661 1512 non
1686 1439 1763 1538 plus
1784 1439 1852 1516 lle»
1936 1455 1938 1538 j

426 1549 505 1640 ceni
527 1537 639 1642 patria
649 1537 781 1612 vetusta
799 1559 1032 1632 monumenta
1046 1536 1199 1637 protuli,
1226 1561 1302 1648 quat
1320 1537 1389 1630 eius
1409 1536 1619 1612 memoriam
1637 1563 1682 1612 nc
1700 1540 1850 1634 quidem
1936 1565 1938 1612 t

425 1663 495 1745 per
512 1640 673 1715 umbram
698 1637 879 1711 referunt}
930 1637 990 1712 An
1008 1659 1085 1710 non
1114 1635 1252 1712 ostenda
1269 1640 1377 1735 usque
1402 1633 1445 1711 ad
1472 1635 1629 1712 sacttlum
1651 1639 1747 1714 Xll'.
1766 1665 1851 1716 orn*

429 1741 535 1818 nibus
573 1736 804 1840 scriptoribus
838 1733 958 1835 patriis
983 1733 1182 1836 exterisque
1219 1744 1255 1812 bt
1273 1737 1501 1840 incognitum
1534 1737 1653 1829 fuine,
1679 1745 1714 1812 ac
1738 1739 1851 1816 alium

430 1840 659 1919 conditorem
686 1835 801 1939 gentis
823 1833 1137 1912 nomineButmum
1161 1839 1203 1912 ab
1226 1837 1488 1939 iisprolatuml
1541 1837 1696 1913 Probari
1716 1837 1852 1920 deinde
1936 1843 1938 1870 ¹

430 1937 700 2018 luculentilsrmis
719 1934 1042 2037 argumentis,qu0
1061 1961 1181 2014 errore
1209 1936 1535 2036 malaqueDalimili
1553 1937 1852 2040 interpretatione

428 2043 504 2118 hec
523 2040 636 2116 fabula
654 2035 785 2114 eodem
802 2036 923 2110 seculo
952 2062 1071 2112 ortum
1101 2039 1199 2114 suurn
1220 2037 1399 2130 hahuerit,
1425 2063 1492 2140 per
1517 2065 1605 2136 quos
1627 2066 1850 2153 propagata,

430 2167 538 2242 quam
559 2137 732 2216 stmillima
760 2135 843 2211 dein
864 2134 1166 2232 hallucinatione,
1193 2147 1229 2215 se
1247 2139 1376 2240 lingua
1398 2138 1527 2214 veteris
1544 2141 1685 2217 §lavicae
1703 2143 1852 2244 ignoru-

430 2245 532 2318 tione
551 2267 570 2317 a
587 2236 844 2343 posterioribus
867 2238 1008 2312 Lechus
1029 2239 1158 2314 effictus
1180 2238 1231 2317 lit.
1290 2237 1444 2318 Ostendi
1464 2239 1524 2313 has
1549 2241 1689 2318 Czeehi
1707 2268 1850 2319 memo·

357 2405 361 2414 .
432 2342 496 2419 rins
520 2370 568 2444 pu
599 2365 682 2416 nate
708 2365 786 2414 curn
820 2337 983 2423 Cosma,
1013 2363 1175 2440 pugnare
1204 2367 1285 2414 curn
1313 2339 1395 2442 ipso
1422 2338 1648 2418 vetnstillitno
1675 2341 1851 2445 scriptore

429 2441 556 2522 nostro
571 2369 813 2527 {hrillannm
842 2435 902 2536 qui
923 2455 1003 2514 ante
1023 2438 1250 2517 Praemislunr
1261 2439 1469 2542 Principem
1483 2463 1541 2514 aut
1552 2445 1742 2519 Rectorem
1758 2471 1850 2546 gru*

431 2545 457 2619 ti
484 2541 609 2623 nollrae
630 2565 759 2643 negat,
789 2537 1001 2614 confirmavi
1025 2537 1114 2612 illius
1140 2539 1230 2614 dieta
1252 2541 1464 2643 Procopio,
1492 2543 1696 2634 jornande,
1724 2550 1851 2620 Theo·
1883 2601 1892 2614 .

431 2647 551 2748 phane
572 2701 582 2732 ,
609 2637 957 2743 Porphyrogenim,
989 2640 1175 2733 Dinnaro,
1199 2641 1400 2716 Heltnoldo
1417 2667 1534 2716 reruni
1554 2643 1768 2721 Slavlcarutn
1788 2671 1853 2722 ve·

431 2743 525 2821 tustis
548 2742 797 2845 scriptoribus,
824 2737 884 2836 qui
913 2738 1070 2814 unanimi
1096 2741 1266 2816 consensu
1293 2762 1429 2817 veteres
1448 2743 1570 2819 Slavos
1596 2769 1670 2820 uon
1697 2747 1742 2818 ab
1772 2771 1853 2820 uno
1931 2831 1936 2838 ,

278 2887 283 2898 ·
311 2912 315 2920 .
431 2844 555 2946 aliquo
572 2839 750 2931 homine,
773 2837 831 2914 sed
853 2837 1051 2915 senioribus
1069 2840 1196 2942 populi
1215 2839 1275 2918 seu
1291 2841 1451 2946 Zupanis
1477 2844 1554 2946 regi
1573 2845 1690 2920 solitos
1717 2845 1856 2946 prodi-

431 2947 571 3027 derunt.
622 2948 668 3020 Et
695 2965 740 3017 ne
773 2937 809 3014 in
831 2942 970 3016 Boemo
995 2939 1057 3018 illo
1075 2943 1215 3018 Conna
1242 2939 1445 3018 adversariis
1472 2925 1669 3047 quodpiam
1696 2945 1854 3020 fulcrum
1934 3017 1935 3020 ,

430 3047 537 3134 aller,
562 3041 702 3122 ostendi
721 3065 803 3114 etun
821 3039 922 3136 loqui
939 3040 985 3115 de
1001 3041 1122 3142 primo
1136 3043 1333 3119 habitatore
1353 3039 1433 3142 post
1447 3043 1855 3145 .diluvium,antequam
1934 3039 1936 3044 ⁸

431 3171 582 3222 aratrum
610 3167 738 3220 terrani
771 3137 980 3240 subegisset,
1007 3141 1115 3218 docui
1144 3144 1237 3219 hanc
1265 3143 1374 3246 ipsam
1406 3145 1649 3221 narrationem
1679 3145 1855 3226 uconna

430 3248 564 3323 sununa
580 3242 802 3320 dubitatione
819 3241 1096 3320 acfluetunione
1114 3243 1370 3342 prol'erri,eum
1388 3246 1564 3340 confiteri,
1585 3250 1618 3322 se
1640 3249 1736 3323 illtun
1757 3275 1853 3324 non·

430 3348 496 3426 nili
515 3376 555 3421 cx
564 3346 671 3446 finum
683 3339 819 3448 saltulofit
838 3347 990 3418 relatione
1000 3335 1192 3445 accepisse,
1218 3373 1286 3422 nte
1306 3343 1549 3423 vadimonium
1573 3351 1733 3450 prebere
1752 3353 1854 3455 satir,

429 3480 473 3526 un
485 3451 562 3544 fiala
573 3453 667 3546 fini?
721 3442 865 3552 &tribua
882 3443 1089 3543 gravilhnris
1108 3447 1301 3523 momentis
1330 3443 1508 3545 causisque
1536 3449 1560 3524 li
1580 3449 1726 3524 tandem
1750 3479 1855 3528 cont·

430 3548 602 3648 pleurenti
629 3545 735 3622 inllar
753 3541 864 3634 adjeci
885 3539 988 3618 etiarn
1011 3544 1146 3646 primos
1164 3548 1299 3624 Czechi
1323 3548 1521 3645 prolatores
1541 3549 1645 3624 rueris
1664 3551 1855 3654 figmentis

427 3647 620 3728 memorias
648 3650 777 3723 hurum
806 3643 960 3716 tluorunt
989 3644 1134 3722 fratrum
1156 3646 1375 3749 insperstll'e,
1403 3675 1462 3723 eos
1486 3673 1563 3724 nou
1591 3652 1798 3730 contenire
1817 3653 1857 3730 in
1934 3739 1935 3744 ,

431 3747 699 3825 circumstantiis
729 3743 829 3836 luci,
857 3740 999 3826 itineris,
1009 3803 1023 3837 ,
1047 3748 1246 3846 temporis,
1274 3749 1605 3851 personarumque,
1634 3777 1678 3826 an
1706 3776 1859 3854 prater·

430 3848 536 3926 milne
567 3849 691 3948 primis
716 3844 780 3923 illis
807 3843 912 3918 causa
944 3846 1168 3938 urunl'tnentis
1197 3851 1360 3924 omniurn
1395 3849 1610 3946 postremum
1648 3857 1863 3931 membrum
1934 3855 1935 3858 ¹

428 3953 446 4050 (
457 3949 558 4051 quod
577 3975 650 4052 ego
669 3949 742 4046 ipse
762 3943 877 4017 nonili
898 3949 1012 4048 longe
1027 3974 1048 4024 a
1066 3948 1177 4024 caslro
1195 3957 1229 4024 δι
1246 3977 1325 4026 aree
1343 3951 1577 4047 sepolitorum
1595 3951 1862 4063 vallorum'ag·

430 4076 632 4157 genuitque
651 4051 737 4124 lucc>
757 4043 925 4143 deputavi
945 4046 959 4144 )
982 4073 1115 4124 tantum
1133 4075 1353 4153 exaggerare
1371 4050 1521 4139 decuit,
1549 4077 1588 4129 ac
1609 4052 1632 4128 fi
1650 4053 1743 4129 ntihi
1764 4084 1866 4134 unus
1932 4121 1934 4146 2

429 4157 593 4254 solusque
614 4177 734 4228 mutus
747 4145 901 4222 aheneus
920 4148 1023 4228 elserl
1058 4149 1129 4228 Sed
1145 4177 1263 4254 neque
1284 4153 1349 4230 hos
1368 4157 1463 4232 leves
1476 4177 1628 4256 aggeres
1644 4178 1757 4256 arque
1782 4161 1866 4235 val.
1931 4149 1934 4210 l
