3852 4844
400 304 453 388 γε
586 341 591 350 .
933 280 1273 362 Εοιιῑιιτιιτϊο

74 477 77 482 ·
141 512 145 538 ,
171 446 341 530 Lamse.
380 433 535 531 disco,
558 431 669 539 a'q'ub
696 459 767 512 tem
797 422 980 535 cruquio
1005 431 1171 509 Czechus
1192 431 1273 509 'tuus
1282 473 1289 500 .·
1299 427 1521 526 inclaruerit,
1546 457 1589 510 ao
1611 433 1759 514 de‘mum'
1789 435 1861 512 in-

406 543 570 620 omnium
591 563 707 642 prope
725 461 977 613 hilioricorunr
1000 535 1150 608 calanms
1164 533 1357 624 tranlicrit,
1383 560 1459 608 non
1477 532 1635 610 dubitavi
1657 561 1834 636 unquam,

406 641 497 744 quin
515 641 607 730 hnnc
630 639 957 741 ipsamepochem,
978 631 1158 735 produstis
1177 629 1334 734 pluribus
1353 635 1451 712 MSS.
1469 634 1833 734 authoritatibusque,

320 739 329 752 ⁸
406 743 440 822 ei
469 765 539 817 turn
564 739 602 818 in
627 741 831 816 Prodromo
848 761 969 838 meo,
994 760 1102 833 quam
1125 738 1229 811 Parte
1250 736 1291 811 ll.
1312 730 1504 836 Annalium
1530 735 1834 842 Hagecienoruru

403 846 499 920 ultro
518 841 680 918 conoelst.
732 842 792 917 De
810 836 1020 940 Murignola
1038 859 1158 910 tamen
1176 833 1320 912 noveris
1337 833 1485 936 egregie
1511 835 1614 910 nobis
1636 837 1680 912 ub
1702 840 1828 938 Hage.

402 944 462 1022 cio
474 942 522 1018 -in
537 939 722 1018 Prooemio
741 939 804 1015 suo
819 935 1047 1040 impolitum,
1074 935 1316 1034 hactenusque
1327 935 1545 1039 persuasum:
1563 934 1723 1039 primum
1740 936 1831 1013 suis·

400 1045 438 1124 se
463 1041 605 1124 Czechi
623 1044 856 1146 prolatorem.
927 1041 1020 1113 Nam
1040 1033 1212 1138 proximis
1228 1038 1323 1138 typis
1346 1041 1474 1124 sumo
1491 1039 1534 1114 11.
1556 1037 1831 1141 Manusctipto-

402 1171 483 1226 rum
498 1144 671 1243 nusquam
688 1142 840 1219 antehac
868 1136 1047 1216 editorum
1073 1134 1255 1242 integrum
1273 1135 1488 1250 Marignolae
1505 1137 1722 1221 Chronicon
1741 1161 1832 1242 pro-
1891 1183 1898 1192 ·

369 1257 371 1262 ’
403 1243 506 1324 laturi
526 1244 665 1331 sumus,
691 1240 729 1318 in
748 1238 888 1341 quodh
913 1237 1047 1314 linceos
1062 1238 1186 1313 oculos
1203 1235 1421 1328 intendens,
1448 1237 1624 1337 nusquam
1640 1239 1834 1318 Czechum
1885 1285 1893 1294 ·

404 1371 506 1423 tuum
524 1342 808 1448 deprehensurus
823 1365 880 1430 es,
903 1341 1056 1416 leemas
1072 1335 1109 1412 in
1131 1362 1177 1414 eo
1196 1335 1313 1416 adhuc
1333 1337 1477 1414 Cosmae
1495 1347 1643 1415 bremun
1657 1338 1833 1422 familiam

404 1447 445 1524 in
463 1444 609 1550 origine
627 1443 745 1547 'gentis
767 1439 892 1518 noslrre
917 1437 1123 1516 ducentem.
1199 1441 1358 1514 Tnntum
1380 1435 1495 1530 abest,
1522 1463 1561 1514 ut
1584 1441 1738 1517 Czecho
1763 1465 1830 1518 tuo

396 1547 621 1636 ¹tuuhoritas,
648 1542 883 1642 &quoddam
904 1537 991 1614 fidei
1009 1535 1183 1614 historica
1204 1537 1466 1615 firmamentum
1488 1565 1532 1616 ex
1559 1563 1605 1620 eo
1623 1541 1830 1632 occesser'u,

406 1643 510 1748 quod
526 1647 573 1724 ab
589 1646 647 1721 illa
664 1635 790 1721 Caroli
806 1644 868 1718 Ν.
887 1661 986 1715 etate
1006 1637 1167 1714 historici
1182 1636 1318 1746 quique
1335 1635 1441 1742 patrii
1459 1641 1601 1742 Regum
1620 1637 1831 1718 nostrorum

406 1748 494 1846 jussu
517 1742 703 1824 Chronica
727 1743 784 1818 suo
802 1738 1029 1842 scripserint,
1052 1763 1166 1838 eaque
1185 1744 1327 1842 Regum
1353 1737 1644 1840 inscriptionibus
1667 1741 1850 1820 echone?

406 1847 492 1925 stata
515 1846 594 1922 lint.
646 1846 758 1945 Supra
785 1841 854 1935 jem
878 1843 946 1916 hos
973 1836 1157 1916 cornicum
1182 1843 1307 1916 oculos
1329 1839 1563 1932 confiximus,
1589 1839 1831 1927 ostendimus-

297 1970 301 1980 ‘
410 1944 603 2049 que,nihil
624 1943 698 2020 hec
715 1941 760 2018 ed
779 1942 887 2019 fidem
906 1937 1106 2040 faciendam
1125 1939 1347 2032 conducere,
1373 1943 1548 2039 nulloque
1568 1941 1642 2018 alio'
1660 1943 1830 2044 speltere,
1923 1937 1925 1982 ³

408 2073 516 2148 quam
546 2043 593 2122 ed
624 2041 889 2130 conciliandum
924 2042 1081 2143 plausum
1110 2045 1146 2116 δε
1172 2037 1492 2131 existimationem,
1511 2038 1557 2115 ad
1582 2041 1830 2144 aucupandam

408 2146 617 2250 Principum
645 2142 806 2247 gratiam.
867 2139 1061 2218 Necenim
1082 2133 1119 2215 id
1137 2139 1323 2216 confilium
1346 2145 1584 2239 voluntasque
1601 2167 1759 2241 unquum
1775 2144 1830 2222 es·
1918 2167 1925 2200 -’

410 2246 583 2350 seposuit
607 2243 767 2347 Regibus
791 2241 939 2327 nostris,
964 2264 1003 2315 ut
1024 2240 1081 2315 vel
1103 2265 1151 2316 eo
1174 2239 1362 2317 Chronica
1384 2240 1832 2342 Delphicorumoraculo·
1924 2281 1925 2342 3

357 2345 361 2348 ’
410 2375 489 2436 rum
502 2345 608 2423 instar
624 2342 832 2446 recipienda
848 2341 1069 2446 cogitarent,
1094 2339 1195 2440 quod
1214 2366 1339 2417 eorum
1353 2339 1435 2435 juffu
1454 2339 1600 2454 scripte,
1625 2341 1683 2438 seu
1702 2367 1833 2422 eorum
1924 2417 1925 2422 ,

412 2441 619 2528 nominibus
637 2443 807 2546 iuscripta
830 2443 908 2518 lint.
967 2439 1088 2516 (duale
1108 2465 1352 2553 quantumque
1368 2439 1465 2518 enim
1486 2441 1544 2516 illr·
1557 2441 1603 2518 de
1618 2444 1720 2520 rebus
1745 2449 1833 2528 ante

289 2577 291 2582 ·
410 2549 452 2628 se
471 2546 567 2625 mille
586 2547 627 2622 δι’
640 2545 730 2620 ultra
748 2543 847 2622 annis
866 2539 972 2644 gestis
998 2550 1139 2618 veritati
1156 2540 1404 2618 vadimonium
1432 2543 1589 2643 prebere
1615 2551 1834 2658 potueruntl

415 2649 519 2726 Illinc
536 2643 642 2724 veriti
658 2669 734 2722 non
758 2643 826 2734 srnt
848 2643 1017 2718 summam
1037 2638 1334 2724 existimationem
1358 2643 1464 2718 suam.
1480 2643 1645 2743 periculrs
1679 2643 1834 2724 manife-

412 2743 776 2830 stisobtredutionum
794 2767 989 2846 exponere,
1001 2741 1835 2844 omnesqueChronogmpborumeiusmoditi-

413 2849 635 2937 tubetiones,
661 2869 768 2946 etque
785 2869 921 2922 errores
942 2840 979 2917 in
995 2843 1030 2918 se
1050 2840 1240 2944 suscipere,
1266 2841 1358 2919 adeo
1380 2845 1500 2934 utiam
1519 2842 1833 2924 viriumnontam

414 2951 458 3036 fit
474 2951 686 3040 authorum,
713 2969 819 3046 quam
836 2947 981 3047 Regum
1003 2939 1236 3036 nostrorum,
1261 2969 1343 3018 cum
1368 2943 1467 3046 plura
1484 2941 1654 3036 sublesta,
1676 2944 1835 3046 falseque

416 3049 556 3136 dctesta
574 3049 651 3124 sunt
666 3045 703 3122 in
722 3041 865 3120 historia
879 3040 1010 3146 patriai
1037 3044 1144 3118 Nulla
1163 3067 1242 3146 ptrs
1255 3044 1415 3147 Regibus
1426 3041 1563 3121 nostris
1578 3043 1616 3122 in
1633 3045 1736 3123 rebus
1751 3071 1834 3122 aaut·

417 3149 531 3242 ratis,
564 3146 602 3223 in
626 3171 744 3222 rerum
776 3167 996 3231 narratarum
1029 3141 1127 3232 fider
1163 3167 1311 3220 omnem
1345 3168 1423 3222 eum
1449 3142 1590 3240 srrstirret
1613 3146 1769 3240 author,
1794 3153 1835 3222 δι

418 3246 773 3350 Chronogmphus,
806 3241 834 3318 is
857 3243 1161 3344 quemadmodum
1187 3242 1281 3320 solus
1306 3271 1467 3343 unusque
1492 3269 1640 3321 omnem
1669 3245 1837 3324 exhaurit

417 3348 561 3436 laudem
585 3344 810 3450 deglutiam,
836 3343 862 3422 ii
879 3342 1044 3433 erudite,
1070 3343 1314 3441 veraciterque
1341 3343 1490 3448 scripsit,
1517 3344 1563 3420 ita
1584 3344 1684 3422 unius
1711 3345 1836 3424 soliu's-

418 3476 503 3552 que,
522 3475 599 3533 non
618 3445 746 3550 Regis,
772 3469 849 3520 non
870 3442 1041 3544 principis
1059 3441 1185 3519 vitium
1210 3441 1261 3520 est
1287 3469 1327 3520 ec
1345 3443 1578 3558 vituperium,
1604 3443 1781 3522 srsrbulas
1797 3457 1837 3526 δι

416 3549 603 3632 mendacia
620 3573 689 3648 pro
709 3541 1102 3624 veritatibushilloricis
1118 3541 1308 3621 ledoribus
1324 3545 1545 3646 proprnnrit.
1600 3550 1647 3622 Et
1666 3547 1840 3648 profesto
1924 3571 1925 3578 ’

415 3675 460 3729 ee
476 3649 613 3755 semper
628 3646 695 3723 fuit
712 3642 881 3748 sapientia
898 3648 1040 3744 Rugum
1059 3641 1282 3736 nostrorum,
1305 3645 1511 3746 summeque
1529 3645 1783 3748 providentie,
1799 3671 1840 3726 ut
1924 3685 1925 3696 2

420 3777 501 3830 curu
528 3748 794 3850 cognoscerent
823 3743 935 3822 fidem
961 3741 1114 3820 historie
1137 3743 1394 3848 pettiaedubiis
1422 3745 1640 3846 incertisque
1664 3745 1840 3826 incedere

419 3851 587 3956 pellibus,
612 3850 719 3923 multe
740 3870 1058 3922 monumentorum
1078 3865 1240 3922 veterum
1265 3845 1405 3924 defectu
1423 3844 1547 3946 primis
1573 3845 1752 3949 precipue
1777 3851 1843 3926 sz-

364 4011 368 4018 .
411 3948 508 4028 culis
525 3947 673 4026 obscura
690 3945 778 4037 csse,
805 3971 873 4021 nec
898 3943 974 4044 sitis
988 3942 1159 4035 definita,
1185 3943 1337 4026 liberum
1360 3945 1498 4025 civibus
1520 3946 1587 4022 suis
1612 3972 1689 4024 non
1718 3951 1842 4030 modo

418 4045 629 4150 reliquerint
649 4045 695 4122 de
717 4070 842 4122 eorum
867 4043 1014 4124 veritate
1038 4041 1261 4146 disceptare,
1285 4045 1346 4122 sed
1372 4047 1477 4123 etium
1503 4047 1662 4125 laudibus
1686 4055 1724 4124 dt
1743 4077 1854 4148 prae-,

289 4174 292 4182 ’
417 4150 498 4232 miis
516 4144 815 4230 exstimuurerint
830 4145 875 4226 ad
891 4170 970 4225 eam
984 4143 1259 4250 exquirendamp
1276 4145 1425 4232 minime
1441 4171 1571 4240 tutem,
1588 4173 1626 4226 ut
1642 4169 1680 4225 tu
1698 4146 1735 4226 ln
1745 4165 1873 4231 tem-⁸
1924 4175 1925 4178 ‘

1567 4269 1787 4352 ,fipe-
