3820 4820
401 242 484 346 306ι
628 267 632 278 ·
718 289 725 300 ·
948 227 1274 312 Conrortrto

162 391 335 486 Luem,
397 387 540 478 effillis,
563 407 644 462 non
672 381 767 459 secus
785 404 892 482 etque
911 405 1037 458 eorum
1059 383 1194 460 robore
1219 409 1260 460 ac
1278 381 1442 486 pondere
1468 405 1544 458 retu
1571 364 1724 458 omnem
1744 378 1862 460 con-¹

401 489 557 577 leuues,
584 485 778 587 magnifice
800 509 925 559 exerto
941 509 1070 567 ¹uentre
1084 485 1268 572 exscrees,
1298 494 1334 561 Bc
1353 483 1540 560 diblatotia
1559 511 1652 562 voce
1675 510 1837 586 pronun·

10 615 18 630 ⁸
86 637 97 650 ι
141 620 235 706 rag.
254 622 325 702 133,
400 589 500 670 cias:
551 592 681 683 Erirrnss
691 585 756 696 ipss
775 592 835 660 lraer
851 597 1023 688 antiquitus
1039 587 1140 688 obstet
1148 644 1160 679 ,
1186 591 1287 662 adhuc
1304 590 1449 662 Czetlrr'ur
1465 585 1577 690 [ulula
1596 589 1664 660 dtrr'
1677 597 1834 690 nequiret.

59 692 72 715 ‘
402 695 526 770 Nemo
552 688 719 789 ptoleblo
747 686 824 761 satis
855 685 1002 762 miretur
1024 685 1178 762 Luciferi
1207 687 1255 763 tui
1279 687 1314 762 in
1345 689 1448 761 rebus
1476 683 1608 761 criticis
1639 683 1839 764 historicis·

403 819 475 894 que
499 791 664 893 peritiam
685 845 695 879 ,
722 813 829 886 atque
847 786 985 890 ingenii
1004 791 1117 868 aciem
1136 815 1161 859 .··
1176 788 1236 888 qui
1260 790 1321 890 p'at·
1344 787 1384 862 lit
1400 789 1471 862 line
1493 785 1597 862 omni
1613 787 1835 886 antiquitatis

395 889 614 970 testimonio
632 887 833 968 Czecbium
856 915 932 966 non
951 889 1024 963 elle
1042 891 1193 965 fabulam
1203 947 1220 998 ι
1240 888 1299 966 sed
1317 913 1435 964 reram
1453 887 1655 979 billoriam,
1678 888 1835 966 demon-

396 993 524 1071 ‘llrare
589 994 734 1096 Nempe
752 989 808 1066 ille
826 990 939 1066 oculis
957 987 1023 1064 suis
1042 991 1255 1090 auribusque
1272 991 1310 1066 in
1328 989 1444 1065 saecuu
1470 988 1637 1066 undecim
1656 1013 1760 1066 etate
1780 991 1836 1067 sua

406 1093 591 1201 superiora
618 1089 790 1195 pertigit,
819 1118 855 1167 ut
879 1090 983 1184 sciat,
1011 1077 1281 1192 nudiue'ritquoq
1310 1087 1398 1192 quid
1428 1115 1475 1165 eo
1499 1114 1666 1192 tempore
1693 1087 1835 1196 gestum

406 1199 471 1290 stt,
496 1194 563 1272 niu
593 1193 735 1270 fortatlis
760 1193 855 1268 malis
883 1193 1024 1284 dicere,
1049 1192 1120 1286 jam
1149 1220 1231 1269 eum
1260 1217 1336 1268 tum
1353 1217 1463 1268 uuum
1489 1189 1589 1267 fuille
1614 1217 1660 1266 ex
1678 1193 1836 1270 Czechii

347 1379 351 1401 Ι
407 1297 531 1390 sociis,
557 1303 593 1372 δι
609 1321 674 1396 per
696 1293 804 1370 uarias
822 1293 1153 1394 transmigrationes
1173 1295 1317 1370 tandem
1336 1291 1493 1380 animam
1514 1285 1586 1386 ejus
1605 1291 1642 1366 iu
1662 1295 1738 1368 boc
1755 1321 1835 1371 cor-

409 1427 476 1505 pus
496 1394 683 1485 transrille,
711 1421 748 1470 ut
768 1393 913 1470 nonulli
942 1393 1185 1470 rememinetit
1202 1418 1356 1483 eorum,
1383 1421 1460 1493 quae
1483 1391 1573 1468 olim
1596 1390 1711 1484 vidit,
1737 1396 1835 1470 autli-
1904 1469 1906 1478 A

360 1571 370 1586 ,
408 1501 547 1600 vitque.
615 1497 693 1592 jem
721 1521 809 1572 vero
843 1494 903 1594 qui
927 1491 1123 1572 Czeltium'
1140 1497 1238 1571 suurn
1272 1495 1345 1572 stne
1375 1491 1592 1668 antiquique
1620 1489 1833 1572 iradimonio

409 1603 562 1705 probet,
588 1593 791 1673 audiamus:
843 1595 954 1672 Redit
966 1599 1012 1670 tul
1033 1595 1275 1698 principium,
1301 1621 1450 1694 reusque
1469 1617 1529 1668 inu
1544 1619 1584 1669 to
1604 1619 1690 1670 ame
1706 1595 1833 1672 (libam

353 1743 357 1750 ·
409 1703 671 1800 refutatamque
691 1697 883 1798 recoquit:
932 1705 956 1738 “
987 1695 1104 1772 (Quod
1134 1696 1209 1793 jure
1241 1696 1435 1801 gentium,
1462 1691 1611 1794 inquit,
1636 1703 1674 1773 bs
1696 1700 1834 1799 publica

408 1830 521 1904 eaque
540 1799 726 1878 constante
747 1857 757 1886 ,
785 1825 854 1898 nec
875 1797 1068 1896 aliquando
1089 1797 1286 1901 interrupta
1303 1797 1386 1889 fide,
1402 1795 1478 1872 imo
1499 1823 1676 1898 perpetua
1694 1826 1766 1902 pet
1780 1799 1835 1889 ss:-

390 1908 487 1979 .eula
512 1901 636 1978 omnia
655 1897 850 1974 traditione
867 1925 1051 1996 receptum
1069 1897 1142 1988 est,
1168 1925 1244 1974 non
1259 1897 1345 1974 esta
1365 1896 1438 1974 fide
1455 1895 1629 1973 historica
1648 1897 1833 1992 deturbam-

412 2007 525 2090 tltun,
552 1997 742 2106 presertim
768 2023 852 2074 cum
879 2000 1020 2074 annales
1074 1999 1183 2076 atrius
1209 2007 1244 2074 δι
1260 2021 1497 2075 monumenta
1518 1999 1666 2101 plutima
1687 1999 1826 2102 periillie

411 2103 596 2196 consten„
647 2099 721 2177 Hic
740 2100 931 2176 rhombus:
965 2098 1031 2175 uti
1084 2100 1132 2190 ius
1149 2099 1337 2204 gentium,
1364 2099 1505 2202 publica
1529 2125 1645 2213 eaque
1671 2099 1826 2178 cunibus

409 2233 480 2286 nec
499 2205 693 2305 aliquando
710 2199 905 2302 interrupta
925 2201 1024 2295 fides,
1042 2207 1076 2278 δι
1094 2227 1266 2305 perpetua
1285 2227 1350 2305 per
1368 2201 1486 2278 secula
1502 2197 1653 2278 traditio
1666 2226 1734 2280 ate
1750 2229 1834 2304 pro·
1905 2209 1907 2224 ⁴

410 2309 527 2386 betur.
591 2305 661 2384 Sed
680 2301 739 2380 ubi
758 2301 817 2416 illa
829 2301 1033 2406 probatio?
1061 2303 1249 2381 erliccarus
1268 2299 1328 2396 est,
1346 2301 1566 2400 evanuitque
1583 2305 1719 2379 humor
1732 2305 1838 2408 scrip·

409 2409 543 2502 torius,
570 2404 739 2510 probatio
758 2428 906 2504 inquam
923 2401 1013 2480 intra
1033 2429 1188 2504 pennam
1205 2395 1373 2516 [uffo‘cau
1391 2401 1449 2482 eli.
1511 2403 1657 2480 Pridem
1676 2407 1739 2482 has
1754 2410 1835 2510 glo-

412 2510 622 2586 nationibus
640 2504 797 2608 turgidas
810 2506 920 2582 rlubes
939 2503 1164 2606 distulimus,
1191 2533 1272 2582 etun
1291 2515 1360 2582 nec'
1375 2503 1463 2583 fidei
1481 2504 1622 2600 alicujus
1639 2533 1712 2584 nec
1730 2509 1835 2584 trudi·
1906 2593 1908 2610 1

321 2661 326 2670 ·
413 2611 506 2688 tioni
536 2608 650 2687 veteri
676 2611 796 2706 locum
818 2606 887 2683 elle
908 2607 945 2680 in
970 2607 1036 2683 bac
1053 2603 1191 2683 Czecbi
1221 2606 1337 2684 fabula
1355 2605 1599 2697 ostendimus.
1628 2635 1706 2707 qus:
1728 2612 1832 2708 usque
1906 2617 1908 2666 l

410 2714 455 2790 ad
474 2709 695 2789 saeculinV.
715 2707 855 2784 initium
876 2708 1016 2810 penitus
1036 2705 1227 2803 majoribus
1241 2706 1370 2784 nostris
1387 2707 1696 2811 scriptoribusque
1714 2713 1832 2812 patriis
1906 2741 1908 2770 t

408 2813 578 2922 ignorata
604 2809 680 2888 luit.
736 2807 828 2884 Guae
856 2806 932 2882 imo
957 2810 1019 2884 (ub
1036 2806 1182 2904 joannis
1209 2807 1323 2909 Regis
1342 2813 1396 2884 lm
1425 2809 1505 2885 erio
1527 2835 1634 2886 enata
1663 2837 1827 2910 nusquam
1906 2827 1908 2836 '

410 2939 531 2994 tamen
553 2911 598 2990 ad
622 2939 677 2990 eas
703 2911 797 2986 vires
815 2907 1175 3088 excrescereqrotuit,
1203 2933 1239 2985 ut
1257 2913 1313 2987 vel
1331 2838 1454 3022 pollen
1482 2937 1643 3010 unquam
1671 2939 1835 2995 commu-1

326 3028 330 3036 '
405 3017 503 3096 niter
518 3003 563 3094 rib
581 3013 748 3090 omnibus
771 3009 947 3088 historicis
970 3037 1018 3088 no
1053 3009 1097 3085 ris
1118 3033 1261 3112 receptu
1278 3011 1395 3089 fuerit.
1440 3014 1551 3108 ¹Natu
1571 3037 1753 3116 perpetuo
1774 3040 1832 3091 ert·
1906 3003 1908 3070 7

373 3165 376 3170 -
404 3119 524 3196 stitere
543 3111 737 3219 gravilluui
753 3113 886 3212 quique
909 3109 1003 3204 viri,
1031 3111 1092 3212 qui
1114 3133 1304 3188 contemto
1325 3111 1498 3189 Dalimilo
1518 3113 1658 3206 Colmae
1684 3114 1833 3220 opinio·
1905 3127 1908 3200 ἶ

258 3241 267 3281 s
406 3245 491 3300 nem
514 3215 754 3308 retinuerunt3
787 3213 862 3287 imo
882 3241 962 3288 cum
984 3211 1197 3314 scriptorum
1218 3212 1457 3312 posteriorum
1477 3216 1706 3294 uutltitudine
1726 3219 1828 3295 obot·
1906 3239 1908 3274 τ

409 3348 443 3399 ta
465 3319 582 3424 paffim
602 3313 764 3393 Dalimili
788 3311 917 3413 opinio
935 3314 1103 3389 familiam
1124 3313 1254 3392 (lucere
1270 3312 1482 3418 occiperet,
1510 3342 1587 3392 non
1608 3315 1761 3395 defuere
1787 3343 1833 3394 ta·
1906 3311 1908 3404 l

409 3449 516 3516 men,
549 3418 612 3522 qui
639 3417 868 3507 flubiuarent,
895 3415 1202 3509 contradicerent,
1229 3415 1305 3492 imo
1325 3417 1433 3492 etiam
1450 3415 1616 3494 vellicare
1638 3446 1719 3496 non
1740 3420 1834 3496 refu·
1906 3415 1908 3500 l

412 3547 557 3632 gerent.
606 3523 657 3596 lta
681 3517 981 3596 subCaroloIV.
1001 3517 1189 3594 Czecburn
1216 3543 1293 3592 non
1318 3516 1475 3620 agnovit
1499 3519 1733 3624 Marignola,
1759 3547 1835 3598 nott
1906 3505 1908 3550 ³

282 3673 289 3704 t
413 3622 568 3731 agnovit
590 3619 793 3698 Franciseus
816 3616 1024 3696 Canonicus
1051 3617 1256 3731 Progenfis,
1284 3644 1360 3694 non
1380 3618 1537 3722 agnovit
1559 3623 1691 3700 author
1710 3647 1835 3700 verna·

412 3725 483 3808 culi
506 3725 586 3804 MS.
606 3748 625 3798 a
643 3722 790 3796 Tboma
814 3721 1018 3826 Berghauer
1045 3721 1168 3796 allum·
1200 3721 1271 3794 Sub
1292 3720 1398 3796 Geor
1429 3721 1466 3796 io
1491 3720 1617 3798 nostro
1641 3727 1672 3799 R
1730 3724 1835 3819 ejatn
1907 3765 1908 3768 π

413 3826 575 3903 dubitate
593 3823 736 3900 exorsus
754 3823 876 3898 AEneas
897 3821 1035 3923 Sylvius
1055 3847 1137 3896 cum
1155 3819 1277 3898 Sla'tros
1295 3847 1373 3898 non
1393 3749 1496 3897 linea
1515 3825 1637 3924 aliquo
1655 3824 1689 3899 se
1738 3849 1834 3926 popu·

413 3935 505 4020 latim
520 3926 558 4004 in
575 3921 757 3999 Boemirtm
777 3921 993 4027 immigsalle
1019 3921 1129 4001 sensit.
1192 3925 1346 4002 Demum
1372 3919 1622 4026 apertissimis
1646 3927 1835 4003 Czechum

412 4054 538 4136 petere
575 4023 668 4101 visus
697 4022 903 4116 Kranzius,
932 4021 1194 4128 Vohburgius,
1223 4023 1408 4128 Longius,
1435 4026 1633 4120 Elslsmtus‚
1659 4027 1836 4105 Schleini·
1905 4067 1908 4104 t

344 4157 364 4214 t
410 4131 509 4226 zius,
535 4124 785 4220 Schwarzius,
813 4123 1079 4232 Betgbatietus,
1107 4128 1262 4222 joannes
1281 4127 1442 4230 Oppeb,
1470 4126 1603 4228 aliique
1620 4131 1835 4232 complures.
1906 4105 1908 4148 ⁴

1693 4253 1788 4331 quo·
