3906 4840
382 295 447 380 'gn
933 273 1263 358 cour-orario
1296 285 1304 296 “
1336 324 1341 332 -

400 432 597 516 Alexandri
614 431 744 538 Magni
770 429 815 507 ad
831 429 951 507 Slavos
975 426 1090 504 datam
1116 425 1323 530 epistolam,
1351 445 1457 526 qltam
1475 421 1654 528 Hagacius
1677 421 1727 502 ad
1748 445 1818 500 an-

402 565 490 616 num
516 551 624 632 1348.
646 559 730 637 pag.
749 532 971 610 CCCXLX.
993 527 1121 606 excudi
1144 527 1238 605 fecit.
1859 544 1866 550 ·

513 639 655 712 (aalma
680 636 753 711 est:
780 641 912 709 Domum
924 688 935 723 ,
962 652 996 706 nt
1012 633 1134 731 saslnm
1158 633 1286 727 hissnriis
1306 637 1409 704 connis
1425 627 1481 725 fin
1499 632 1602 727 serait
1619 637 1723 704 tonnis
1741 649 1820 728 praa

403 742 529 828 dotum,
555 738 702 836 consensui
730 744 872 812 irrraninti
889 730 930 809 ὕ
948 731 1137 828 uttustifflmn
1161 752 1205 804 tat
1221 728 1400 827 firmior-mn
1426 732 1617 815 traditioni,
1644 739 1820 804 innnmcrir

399 841 527 942 publicis
547 848 772 926 monumentis,
789 833 979 934 sepulchris,
1004 833 1156 926 orificiis,
1176 835 1368 931 privilegiis,
1395 827 1437 904 θ’
1454 840 1590 902 onimium
1617 833 1749 936 dariique
1772 829 1819 925 fi.

403 944 454 1016 dri
478 950 634 1032 innixum,
649 959 830 1022 avertatur,
854 935 979 1030 infirma
1005 952 1151 1006 corruunt
1182 931 1319 1037 qnalibet
1341 951 1550 1030 argumenta,
1576 935 1635 1026 nifi
1655 935 1818 1029 hillarion,

398 1061 475 1141 pent
498 1043 659 1128 dixerim,
685 1039 947 1134 demonstrationes
972 1035 1153 1127 afferuntur.
1221 1027 1314 1106 (dua
1330 1028 1453 1104 omni-a
1472 1027 1715 1104 eruditiffimns
1734 1029 1821 1105 Cal»

402 1165 477 1216 met
501 1139 544 1214 ad
564 1135 848 1214 convincendam
868 1138 1064 1208 Romanam
1084 1129 1176 1207 Petri
1196 1127 1433 1220 Cathtdtam,
1460 1127 1598 1228 iterque
1626 1128 1714 1204 illius
1740 1133 1816 1205 Ro-

402 1265 545 1314 manum
568 1237 613 1314 ad
636 1265 666 1315 1.
682 1235 774 1313 Petri
795 1257 827 1328 5.
847 1259 904 1330 ¹3·
922 1232 1114 1334 diligenter
1130 1230 1352 1330 simulatque
1371 1227 1478 1304 dode
1495 1231 1678 1327 congaffit.
1707 1228 1817 1306 Quos

402 1340 566 1418 Herculis
591 1338 788 1414 cothurnos
821 1333 975 1409 infantia
999 1331 1137 1408 Czeclri
1165 1331 1313 1408 induere
1338 1354 1492 1405 conatur
1519 1330 1638 1428 nostor
1657 1328 1814 1410 Lucifer.

402 1452 453 1516 llt
480 1464 570 1518 vero
591 1435 698 1514 ellare
718 1437 766 1511 mi
777 1434 939 1528 Lucifer,
957 1431 1018 1507 ubi
1037 1431 1072 1507 in
1089 1433 1156 1508 hac
1173 1429 1416 1506 lucubratione
1435 1453 1492 1504 tua
1509 1429 1554 1506 da
1578 1432 1730 1507 Czeolro
1756 1457 1819 1508 co-

403 1565 493 1632 aeva,
519 1540 577 1615 seu
597 1538 709 1613 ferme
736 1560 856 1612 coaeva
876 1533 1117 1610 documental
1145 1532 1205 1622 ubi
1231 1529 1415 1608 unanimis'
1437 1531 1643 1606 consensus?
1672 1531 1732 1605 ubi
1756 1560 1815 1609 ve·

403 1639 661 1715 tustidimorum
693 1638 895 1712 saeculorum
927 1631 1098 1708 traditio}
1126 1631 1186 1708 ubi
1213 1632 1343 1707 sincera
1371 1630 1583 1730 sepulchra,
1609 1630 1757 1708 aedificia
1783 1641 1820 1709 &

402 1737 623 1842 privilegia,
650 1761 780 1838 quanta
797 1737 938 1812 Calmet
960 1759 1027 1830 pro
1052 1731 1177 1808 itinere
1197 1736 1362 1808 Romano
1387 1730 1482 1805 Petri
1508 1731 1699 1831 probando
1728 1757 1819 1810 attu-

403 1842 464 1915 litt
490 1839 516 1914 s1
535 1837 818 1938 Coenotaphium
836 1861 933 1909 tuum
951 1833 1088 1908 Czeclri
1112 1858 1194 1935 pag.
1218 1855 1298 1923 129.
1318 1831 1481 1912 excusum
1499 1831 1534 1908 in
1553 1831 1819 1911 firmamentum
1930 1853 1936 1881 ²

402 1941 552 2041 allegas,
578 1940 671 2012 habe
691 1937 792 2012 aliam
817 1933 967 2011 Critices
987 1935 1183 2036 Regulam:
1211 1933 1264 2013 (a)
1290 1941 1493 2008 Monnmrnnr
1518 1937 1676 2034 (nempe
1698 1935 1817 2010 tolos-

405 2037 480 2122 sos.
505 2038 665 2140 templa,
686 2061 780 2128 arat,
809 2035 1011 2136 sepulchra,
1037 2056 1213 2107 marmora
1225 2039 1242 2116 l'
1263 2055 1365 2106 ortum
1384 2033 1497 2132 duxiffr
1521 2036 1635 2128 ostendi
1656 2015 1740 2110 datii
1767 2042 1820 2110 orl

405 2169 437 2214 eo
456 2161 605 2239 tempore,
628 2141 678 2211 uri
697 2167 759 2211 non
782 2139 894 2232 procul
918 2135 1042 2217 iiiiii,
1070 2163 1130 2236 qun
1156 2133 1206 2208 its
1223 2134 1286 2232 ipfi
1304 2133 1359 2230 san
1379 2136 1500 2232 suisium
1526 2139 1658 2236 contigit.
1728 2140 1821 2213 Non

403 2263 480 2340 ego
498 2261 629 2313 tantam
659 2236 915 2339 probationum
938 2232 1174 2336 farraginem,
1203 2257 1367 2331 quantam
1386 2233 1525 2308 Calmet
1541 2233 1710 2337 requirit,
1738 2260 1758 2310 a
1785 2262 1821 2313 te

401 2337 578 2443 exposco,
594 2338 703 2412 unum
716 2394 726 2423 ,
737 2364 844 2410 unum
854 2392 864 2425 ,
875 2336 1016 2432 inquam
1027 2389 1037 2422 ,
1048 2359 1225 2423 coaevum,
1242 2334 1298 2408 seu
1318 2333 1429 2407 ferme
1448 2335 1607 2406 coaevum
1624 2333 1824 2412 documen.
1873 2329 1886 2342 “

407 2465 483 2514 tum
501 2437 576 2514 satis
593 2434 684 2514 mihi
708 2436 748 2512 sat
770 2434 814 2510 ad
833 2435 1090 2536 porrigendam
1122 2431 1187 2508 tibi
1216 2434 1375 2510 herbam.
1437 2433 1505 2508 Sed
1525 2432 1654 2534 priscus
1674 2435 1821 2514 Graecus

408 2541 525 2616 uersus
550 2537 611 2614 hic
627 2537 758 2614 merito
784 2539 904 2613 locum
926 2535 1051 2612 habet:
1073 2538 1145 2634 finnt
1163 2537 1353 2610 Hermodori
1371 2534 1460 2610 ilerda
1478 2544 1722 2613 mercimonium.

919 2677 1018 2842 'aa
1057 2744 1101 2857 ι.
1140 2735 1295 2841 vm.

234 3029 242 3046 .
280 3024 313 3044 ,,
516 2941 721 3022 Subtraxisti
743 2941 992 3046 aliquantisper
1015 2941 1078 3022 llir
1105 2943 1163 3020 Cl.
1193 2965 1309 3020 catum
1334 2940 1470 3018 vultum
1494 2964 1591 3018 tuum
1621 2945 1694 3020 hoc
1720 2971 1822 3048 para-

316 3111 319 3116 .
407 3047 573 3148 grapho,
599 3044 859 3125 &Luciferum
889 3041 1011 3120 Momi
1043 3047 1229 3146 personam
1261 3041 1428 3118 sustinere
1453 3042 1583 3132 fecisti,
1612 3049 1735 3122 Momi
1763 3047 1821 3122 in-

410 3171 515 3243 quam
533 3145 623 3221 illius
651 3145 797 3220 humani
820 3145 959 3244 generis
979 3143 1171 3245 propudii,
1201 3141 1380 3240 hostisque
1397 3139 1630 3232 infensissimi,
1659 3145 1722 3245 qui
1739 3173 1820 3222 om-

408 3245 468 3321 nia
487 3247 621 3347 carpit,
648 3245 769 3320 omnia
797 3247 939 3336 lacerat,
965 3243 1022 3319 cui
1045 3243 1135 3317 nihil
1163 3242 1237 3316 satis
1263 3270 1421 3339 aquom,
1448 3241 1523 3317 stitit
1543 3243 1736 3334 decorum,
1761 3247 1819 3320 diu

406 3370 613 3448 gnumque,
638 3341 700 3444 qui
723 3351 759 3420 δι
782 3344 818 3418 in
839 3343 911 3443 ipsa
936 3342 1066 3418 divinat
1083 3367 1204 3418 manus
1223 3367 1333 3444 opera
1361 3345 1540 3428 censuras,
1574 3352 1607 3418 lla
1634 3346 1821 3436 sarcasmos

404 3450 578 3524 evomere
599 3445 746 3523 minime
769 3444 920 3530 veritus,
937 3440 1028 3536 adeo
1049 3447 1154 3520 utvel
1175 3467 1276 3519 tauro
1295 3440 1371 3518 viso
1390 3443 1657 3544 reprehindilie'
1676 3447 1821 3538 feratur,

408 3545 710 3644 quemadmodum
726 3544 847 3620 omnia
864 3543 1001 3632 solitus,
1018 3545 1104 3647 qnod
1118 3543 1333 3640 trrnnnfirpra
1350 3550 1445 3618 ιιιιΙιι
1460 3545 1581 3618 »inierat
1592 3601 1603 3635 ,
1616 3553 1702 3646 insin
1723 3555 1822 3622 rursus

399 3651 546 3746 ponarida
556 3649 663 3750 suilli,
687 3669 721 3721 ut
742 3650 878 3736 uideret,
904 3647 984 3748 qnid
994 3649 1117 3746 feriret.
1170 3640 1331 3718 Proditis
1351 3643 1469 3741 itaque
1491 3643 1576 3739 jussu
1597 3670 1659 3720 tuo
1679 3645 1819 3737 corillu-

406 3747 545 3822 bundus
571 3747 607 3822 iu
630 3748 791 3834 scenam,
818 3744 981 3838 ridetque
1000 3741 1194 3819 Prodromi
1214 3742 1454 3817 &Annalium
1481 3770 1643 3819 meorum
1665 3745 1822 3840 titulum,

408 3846 510 3944 quod
529 3845 674 3920 Lediorl
693 3843 885 3948 pollicear:
912 3843 1130 3922 Clitonicon
1150 3841 1300 3944 Hagecii
1322 3842 1483 3942 plurimis
1502 3843 1827 3922 animadversioni-

408 3947 474 4022 bus
499 3943 1163 4047 historico·chronologico-criticis,
1181 3949 1258 4020 ‘nec
1283 3968 1360 4019 non
1386 3943 1653 4046 diplomatibus,
1690 3974 1730 4020 re
1758 3975 1825 4050 ge.

1686 4073 1774 4126 nea·
1818 4085 1822 4094 ·

450 4258 496 4342 (a)
521 4258 677 4324 Muunhatt
693 4259 766 4327 Bibl.
779 4259 906 4322 Domest·
920 4262 1011 4327 Tom.
1026 4261 1061 4321 X.
1086 4279 1111 4320 c.
1129 4274 1160 4337 4.
1177 4279 1208 4340 p.
1227 4277 1297 4338 144.
