3906 4840
459 301 478 318 ²
506 265 698 347 Rom-11·
727 205 1065 346 Restaxrotrrs.
1094 262 1122 356 Ι.
1139 263 1254 354 μ’.)(ῐ,
1523 250 1590 366 ‘95

150 421 322 506 conferre
344 445 383 499 ac
401 403 578 510 miscere,
604 439 644 494 ut
661 409 837 526 imperitis
863 413 982 489 sucum
1008 407 1158 507 faceres,
1183 399 1466 493 sususLucisers
1512 399 1574 516 Ari
1597 415 1754 526 [mm
1824 508 1827 516 Δ

150 554 231 607 nen
249 523 371 604 eudem
389 527 490 596 Parte
509 517 642 608 docui,
660 509 753 592 hanc
772 511 1039 616 prouinciarum
1063 523 1098 591 bt
1116 515 1319 592 Ducatuum
1346 511 1578 630 partitionem
1754 501 1766 532 '

150 624 357 732 perstitisse,
384 623 470 698 duur
495 617 618 698 Dirces
645 613 837 718 pragenses
853 613 984 718 opibus
1007 621 1043 691 lle
1065 639 1238 692 terrarum
1259 619 1423 714 tracirbus
1451 615 1578 698 ceteris

151 725 379 832 potentiores·
406 717 630 826 pedetentim
649 713 829 807 sideriis,
855 713 1124 804 deditionibus,
1152 713 1283 820 passis,
1308 714 1579 816 hereditatibus,

150 826 318 932 nuptiis,
351 818 624 941 emptionibus,
650 814 901 932 aguntiouibus
924 815 1098 918 reliquos¹
1117 819 1274 894 Ducatus
1300 815 1339 894 in
1363 817 1578 922 potestatem
1692 831 1696 844 “

152 929 252 1006 suam
272 925 355 1005 rede
384 924 506 1010 issent,
539 927 575 995 δι
594 919 750 1018 dentque
774 915 946 994 Boleslaus
963 917 1077 994 Saevus
1102 919 1265 995 ultimum
1286 919 1427 996 Ducem
1454 928 1489 998 sle
1506 927 1580 1026 Res

156 1033 282 1144 guium
310 951 490 1103 Boitemiae
517 1019 631 1098 veteri
659 1016 813 1096 Sorubiae
845 1017 1108 1094 conterminum
1136 1017 1372 1123 subjugasset,
1399 1043 1505 1122 atque
1534 1021 1583 1101 ita

162 1126 355 1232 imperium
380 1127 424 1202 ud
447 1121 625 1200 uniuersas
642 1116 822 1197 Bohemiae
849 1143 954 1193 terras
974 1119 1239 1220 protendiffets
1291 1119 1394 1198 Nihil
1412 1117 1584 1224 itaquein

158 1228 280 1309 verbis
306 1226 393 1306 meis
414 1220 733 1304 contradiderium
755 1217 823 1310 esi,
850 1216 921 1293 alio
940 1221 1132 1308 (zethus,
1159 1218 1284 1296 aliubi
1302 1222 1475 1300 Duces&
1493 1227 1586 1302 mul‘-
1718 1279 1719 1282 ,
1799 1283 1812 1316 Ι,

156 1327 372 1430 lo‘quidem
406 1321 602 1430 posteriori
627 1321 724 1399 suere
752 1343 929 1420 tempore.
997 1320 1059 1396 Est
1082 1346 1175 1400 vero
1202 1321 1262 1397 hic
1287 1319 1364 1424 ipse
1391 1325 1586 1426 plurimum
1671 1323 1695 1344 ²
1850 1363 1859 1372 ⁵

155 1433 304 1510 Ducum
323 1427 363 1503 in
382 1451 495 1530 gente
515 1418 632 1497 nostra
653 1447 815 1498 numerus
829 1445 910 1494 non
940 1420 1079 1499 inerme
1103 1421 1462 1502 adversusCzechum
1484 1449 1585 1504 tuum

155 1531 294 1620 selum,
320 1552 404 1603 uam
427 1525 453 1600 fi
475 1523 589 1600 adbuc
606 1522 728 1600 Caroli
747 1526 823 1608 M„
852 1520 1029 1600 Ludorici
1047 1521 1100 1602 Pii
1122 1523 1206 1617 lilii,
1233 1521 1445 1624 alteriusque
1461 1529 1585 1604 Ludo·

157 1629 237 1710 vici
259 1623 468 1704 Germanici
499 1621 721 1726 temporibus
747 1620 895 1698 Boemia
924 1647 1002 1703 nort
1029 1624 1089 1701 uui
1110 1623 1270 1727 Principi
1297 1625 1435 1728 paruit,
1460 1629 1520 1703 sed
1548 1627 1588 1705 in
1648 1699 1652 1708 .

160 1733 287 1834 plures
305 1727 380 1830 pari
403 1722 576 1826 potestate
591 1726 722 1824 Duces
730 1723 800 1816 suit
821 1721 951 1815 divisa,
980 1725 1173 1823 quomodo
1197 1725 1234 1802 id
1253 1723 1298 1802 de
1317 1725 1442 1828 primis
1460 1727 1588 1806 seculis

161 1831 309 1930 ejusque
330 1826 434 1904 initiis
453 1823 624 1925 offirmare
643 1825 750 1916 ausrs,
777 1849 814 1897 ut
836 1821 895 1899 uni
919 1825 1070 1902 Czecho
1087 1824 1273 1930 paruerit,
1298 1829 1343 1904 ab
1370 1841 1491 1932 eoq'ue
1518 1857 1587 1907 no·

156 1945 247 2008 suen
265 1923 312 2005 'ac
328 1954 480 2032 etymon
501 1927 600 2002 suum
625 1926 666 2000 lit
686 1924 836 2000 sortitas
893 1928 972 2002 Nec
997 1925 1094 2004 enim
1119 1925 1426 2031 vel'cogitarione
1454 1926 1591 2031 assequi

156 2029 271 2122 licet,
298 2027 360 2130 qui
380 2051 506 2132 preter
533 2025 703 2103 iuvidiam
732 2025 838 2102 cereri
860 2029 978 2104 Duces
997 2027 1075 2132 puri
1093 2026 1267 2132 potestate
1285 2029 1423 2132 praediti
1452 2033 1591 2111 condu-

158 2130 209 2226 ci,
223 2155 280 2208 aut
299 2131 494 2233 corregulo
516 2126 579 2202 suo
598 2128 694 2204 hanc
711 2126 988 2230 prerogativam
1012 2129 1268 2221 concesserint,
1294 2155 1332 2206 ut
1352 2155 1449 2206 terrac
1465 2133 1589 2210 Ducu-

22 2269 28 2280 ·
59 2319 67 2330 ¹
157 2257 287 2331 rusque
313 2230 361 2305 sui
384 2253 520 2306 nomen
543 2231 587 2304 ab
618 2255 664 2305 eo
693 2225 1001 2328 indipiscerentur.
1079 2227 1235 2307 Ostendi
1255 2231 1352 2308 XIV.
1379 2233 1497 2309 Duces
1523 2235 1589 2310 sub

155 2330 352 2411 Ludovico
388 2332 451 2406 Ρίο
468 2328 688 2428 baptizatos,
714 2327 871 2430 produxi
889 2355 933 2403 ex
952 2328 1134 2407 annalibus
1158 2327 1333 2406 Francicis
1360 2329 1520 2432 quinque
1539 2331 1587 2411 de

156 2435 310 2512 nomine
337 2456 356 2506 a
382 2431 573 2506 Ludovico
593 2429 793 2504 Geununie
820 2433 926 2532 Rege
956 2430 1082 2528 caesos3
1121 2427 1373 2509 Demonstrati
1401 2432 1438 2508 iu
1462 2431 1584 2507 omni·

155 2536 226 2611 bus
245 2531 385 2628 vetustis
405 2529 620 2623 chronicis,
640 2529 971 2628 monumentisque,
1000 2529 1142 2630 quoties
1152 2529 1280 2634 'gentis
1301 2531 1426 2607 nolite
1445 2534 1485 2610 sit
1505 2559 1585 2610 me.-

157 2632 295 2726 mori'a‚
321 2631 490 2734 appellari
515 2637 613 2706 Drtctr
622 2639 804 2706 Butrrrrrrtm
824 2637 860 2705 &
876 2634 1059 2731 sirmienses
1066 2691 1078 2725 ,
1105 2632 1180 2708 imo
1197 2661 1242 2708 ex
1265 2633 1330 2710 hac
1355 2634 1425 2734 ipsit
1444 2634 1586 2712 ratione
1612 2679 1614 2684 ·

157 2733 352 2837 regionem
371 2731 525 2809 nostram
547 2731 666 2834 passim
690 2729 725 2806 in
747 2730 870 2831 plurali
890 2740 1027 2809 Burmlas
1046 2733 1257 2838 nuncupari.
1320 2735 1390 2812 Sed
1418 2734 1507 2834 quid
1524 2735 1584 2812 in·

155 2838 288 2914 eudem
308 2833 486 2921 tundere,
514 2859 555 2910 ac
576 2829 767 2912 retundere
794 2835 911 2934 opusi
1776 2895 1789 2922 „

273 2937 335 3010 lis.
370 2939 411 3010 In
433 2931 675 3010 tessimonium
697 2932 866 3034 usurpare
889 2931 957 3030 jam
978 2929 1102 3009 olima
1124 2931 1303 3010 veteribus
1326 2927 1427 3009 vocis
1448 2933 1584 3008 rzulo-
1603 2965 1672 3052 Q,
1694 2967 1745 3050 33,

1 3091 2 3103 ,
157 3040 466 3112 rurrretLustrum
496 3033 635 3138 prolixa
661 3031 859 3140 fragmenta
888 3061 931 3109 ex
949 3033 1131 3110 Cinnanto
1158 3060 1280 3136 greco
1303 3033 1478 3138 scriptore
1508 3056 1584 3109 tan-

98 3141 102 3144 ’
160 3157 269 3236 quam
291 3139 363 3210 ate
381 3136 501 3236 primo
520 3133 683 3211 omnium
709 3135 852 3210 inventa
871 3159 931 3209 aur
950 3133 1038 3211 milti
1058 3131 1221 3234 ignorata
1242 3135 1436 3238 producis,
1460 3133 1584 3230 jassus·

1 3239 2 3252 ¹
159 3241 254 3335 que3'
282 3235 344 3336 qui
362 3263 408 3312 ne
425 3233 569 3338 quidem
594 3232 767 3326 scivisset,
796 3233 1015 3310 Cinnamum
1035 3235 1241 3336 quempiam
1267 3235 1361 3312 iuter
1395 3235 1586 3339 scriptores

159 3341 329 3426 Grecos,
344 3357 404 3412 aut
421 3333 591 3413 interum
614 3357 737 3410 natura
763 3333 931 3427 existere,
955 3332 1186 3412 multominus
1205 3360 1286 3412 eum
1313 3336 1360 3413 de
1382 3360 1494 3437 gente
1515 3360 1582 3412 nm

159 3435 234 3513 stra
265 3433 503 3513 testimonium
531 3433 744 3526 reddidisse,
769 3433 834 3512 nist
861 3435 895 3510 iu
917 3435 1111 3512 Annalibus
1132 3435 1235 3527 meis,
1262 3435 1585 3536 Monumentisqtte

159 3539 332 3614 heslenus
356 3547 526 3638 nusquam
552 3535 653 3612 editis
675 3531 834 3638 legisses,
862 3535 1018 3636 indeque
1041 3535 1279 3634 exscripfisses.
1342 3536 1583 3630 Retulivero
1623 3586 1624 3596 κ

159 3637 347 3714 authorem
365 3641 462 3714 hunc
482 3660 501 3712 a
529 3637 673 3712 nemine
691 3633 894 3712 nossroruur
917 3639 1080 3712 haetenus
1111 3638 1270 3732 allatum,
1290 3637 1454 3730 materia,
1470 3645 1505 3712 bt
1524 3660 1583 3715 nra

156 3760 340 3844 gumeuto
367 3735 414 3815 ita
437 3736 673 3841 exposcente,
690 3735 727 3838 in
746 3735 951 3814 Protlrotuo
969 3764 1054 3815 meo
1074 3764 1157 3840 pag,
1181 3747 1263 3834 ¹63·
1288 3741 1330 3816 lu
1350 3741 1450 3814 Putre
1472 3741 1518 3816 11.
1543 3737 1583 3818 in

140 3837 335 3940 responsu
356 3839 399 3914 ed
420 3838 665 3915 Doti‘tiffimtuu
684 3837 964 3914 Lttetrbratorem
982 3835 1157 3915 natorum
1175 3835 1408 3938 Eruditorutn
1421 3837 1584 3943 Lipsteuu

155 3935 278 4030 si'utrr,
305 3947 339 4014 δι
357 3937 520 4015 omnium
550 3937 782 4038 copiosissime
807 3940 935 4015 Tomo
956 3945 982 4021 s.
1009 3937 1228 4016 ineditorum
1258 3967 1342 4050 pag.
1361 3967 1424 4042 75.
1445 3950 1479 4018 bt
1494 3944 1587 4047 seqq.

154 4063 243 4144 eum
263 4039 300 4115 itt
320 4036 549 4122 Vincendum
575 4033 734 4114 nostrum
753 4093 766 4130 ‚
788 4037 961 4140 gestaque
983 4039 1171 4120 Wladislai
1191 4041 1303 4121 Ducis
1319 4066 1582 4146 commentatus

155 4139 248 4219 sum.
325 4139 379 4218 -Ut
404 4165 524 4218 tamen
540 4138 683 4216 Lestori
712 4139 835 4216 sucum
858 4139 1008 4238 faceres,
1027 4167 1070 4220 ert
1089 4141 1157 4218 alia
1176 4143 1339 4224 editione
1361 4170 1396 4221 te
1414 4165 1499 4220 eum
1521 4167 1584 4220 er.-
1661 4141 1668 4163 ¹

6 4216 15 4271 ἐ
121 4236 143 4263 ’
214 4241 365 4320 Psxsl.
485 4287 489 4294 ·
666 4287 671 4294 ·
768 4265 775 4273 ·
855 4243 891 4316 N
1156 4299 1161 4310 .
1450 4240 1533 4321 scri
