3852 4844
459 305 509 434 tlt
1036 326 1284 438 ansverus
1419 321 1452 415 ,’

447 470 751 586 ,tlunlenton'r'n't
771 492 1029 618 quonamque
1057 481 1227 592 sublesta
1253 483 1388 590 idest
1417 477 1553 578 ferant
1576 483 1682 578 labri
1708 491 1887 594 m'allea·¹

446 619 658 714 toresque
669 595 861 686 Lucileti
874 593 962 704 tui,
980 595 1086 710 quid¹
1097 594 1195 707 quid
1206 611 1429 723 peccatum
1448 599 1519 712 ell.
1571 597 1746 690 Lucifer
1763 601 1887 694 utrus'

456 709 647 823 solasque
675 727 784 795 ame
811 711 1103 818 nonnunquam
1128 723 1313 817 petrtur,
1343 731 1468 819 quem
1493 710 1758 818 tenebrarum
1785 735 1876 804 non

299 925 303 932 Ἴ
456 820 561 907 lueis
579 816 799 927 Angelum
815 812 896 902 suis
915 813 1139 923 exagitabo
1165 814 1293 918 lucia,
1324 823 1430 900 bunc
1455 815 1537 902 tibi
1559 815 1720 907 Lector
1747 849 1875 935 quan-

457 929 596 1044 doque
616 944 701 1014 tam
717 924 887 1013 stibium
900 925 1078 1028 tradam,
1093 947 1233 1038 quam
1248 921 1414 1012 fridium
1433 926 1493 1012 est
1516 925 1642 1014 cicer.
1696 927 1892 1020 Nomen

455 1053 577 1137 tuum
600 1037 701 1123 mihi
729 1039 815 1124 esto
835 1031 1101 1136 venerabile,
1116 1059 1216 1120 non
1243 1050 1329 1118 tam
1355 1032 1418 1119 tui
1430 1065 1447 1136 ‚·
1473 1059 1595 1162 quam
1620 1035 1757 1126 incliti
1788 1039 1873 1128 Or·

456 1149 565 1260 dinis
581 1172 748 1260 aquam
765 1143 949 1231 monetis
967 1142 1050 1246 tui,
1081 1169 1203 1258 quam
1219 1139 1379 1228 summe
1395 1144 1498 1232 milu
1516 1141 1872 1257 inspiciendorum

453 1255 726 1371 Superiorun'r
741 1271 906 1342 tuorum
925 1249 1051 1340 caula.
1101 1249 1256 1348 „Quare
1282 1250 1476 1364 nusquam
1502 1254 1546 1340 in
1565 1261 1645 1341 hoc
1672 1255 1872 1366 opusculo

448 1379 609 1468 nornen
628 1362 949 1478 tuumlediurus
971 1365 1050 1468 'est
1081 1385 1325 1476 quamquam
1346 1386 1488 1474 meum
1511 1363 1559 1450 in
1579 1362 1871 1460 lucubratione
1922 1409 1924 1422 ⁴

450 1489 520 1564 tua
540 1477 731 1563 omnibus
754 1473 871 1563 tibiis
890 1472 1191 1559 decantaveris,
1277 1465 1390 1558 Mihi
1423 1471 1466 1560 id
1490 1469 1621 1559 solum
1649 1501 1757 1563 curae
1784 1482 1872 1569 erit
1922 1517 1924 1570 3

397 1587 398 1590 ‘
449 1596 544 1674 mea
568 1585 706 1709 tueri2
734 1607 891 1672 nomen
912 1587 1200 1693 honoremque
1226 1587 1367 1668 meum
1396 1579 1508 1666 nullo
1538 1582 1749 1672 demerito
1777 1596 1870 1695 g'ra·
1922 1627 1924 1700 3

450 1691 613 1783 villime
631 1695 768 1782 taetun
791 1691 1038 1792 vindicare,
1070 1691 1182 1802 quod
1203 1687 1278 1799 jus·
1296 1685 1378 1802 ipsa
1398 1687 1594 1887 aequitas,
1627 1717 1778 1782 omnes
1806 1699 1869 1785 di·
1923 1715 1924 1728 ‘

443 1803 562 1891 -vinae
580 1811 848 1918 humanaeque
869 1801 989 1909 leges
1006 1798 1160 1886 merito
1183 1797 1286 1884 mihi
1303 1825 1435 1887 conce
1466 1807 1552 1888 unt.
1609 1797 1717 1887 Nam
1735 1808 1865 1895 utde
1920 1737 1924 1884 l

449 1906 598 2023 sacris,
629 1911 907 2024 civilibusque
934 1909 1159 1996 canonibus
1177 1916 1361 2014 taceam,
1383 1907 1468 2018 jam
1491 1911 1594 1996 olim
1619 1919 1721 1998 hanc
1740 1917 1866 2030 aequi-
1918 1919 1924 2000 l

449 2031 584 2136 tatem
611 2021 787 2133 agnovit
810 2017 1022 2110 Romanus
1050 2019 1257 2132 poparum,
1287 2041 1383 2104 cum
1405 2014 1548 2106 scribit
1577 2017 1866 2136 Quintilianus
1917 2041 1924 2196 q

448 2128 615 2238 senior:
647 2129 697 2212 (a)
721 2219 724 2226 ,
763 2131 811 2216 In
832 2127 1066 2238 hocscrabta
1090 2129 1142 2237 est
1157 2130 1255 2214 lex:
1296 2129 1473 2240 Nequit
1489 2132 1873 2240 anaunesttpem‘
1922 2205 1924 2218 ,

440 2237 552 2331 -lann
605 2237 805 2336 Phaedrus
823 2265 930 2328 vero
949 2237 1022 2351 ipli
1040 2255 1193 2324 naturae
1212 2236 1368 2324 inlitam
1389 2245 1463 2323 hnc
1480 2235 1613 2328 fabula
1630 2239 1779 2330 tradit:
1812 2241 1864 2324 (b)
1923 2349 1924 2362 Ν

516 2385 948 2486 'Nullinocendumt
1010 2388 1057 2477 Si
1109 2391 1173 2478 uis
1196 2417 1303 2479 vero
1330 2385 1504 2496 laeserit‚
1609 2427 1617 2444 ·
1752 2398 1755 2408 ’
1920 2407 1924 2476 t

554 2501 820 2616 Multandum
839 2501 959 2588 srmili
971 2500 1064 2612 jure
1081 2417 1229 2591 libella
1250 2517 1476 2589 ammonet.
1919 2511 1923 2616 l

437 2618 442 2626 '
530 2609 710 2728 -Vulpis
726 2613 776 2702 ad
800 2633 965 2700 coenam
983 2609 1134 2699 dicitur
1155 2611 1359 2706 ciconiam
1920 2645 1921 2648 κ

552 2713 675 2810 Prior
693 2715 915 2828 invitale,
947 2719 990 2806 ba
1009 2717 1052 2805 ei
1066 2719 1263 2835 liquidam
1284 2718 1327 2806 in
1349 2719 1487 2834 patina

550 2811 732 2938 Puluillo
754 2827 1060 2936 sorbitionem,
1091 2853 1209 2946 quam
1225 2828 1337 2917 nullo
1353 2829 1480 2917 modo

550 2941 718 3030 Gustare
736 2937 918 3030 esuriens
935 2941 1122 3054 potuerit
1140 2939 1313 3028 ciconia.

551 3047 662 3148 Qua:
679 3050 851 3163 volpem
871 3073 968 3137 cum
984 3046 1218 3140 revocall'et
1234 3051 1380 3139 intrito
1400 3048 1523 3158 cibo,
1642 3127 1646 3132 .

548 3155 721 3246 Plenam
740 3161 932 3269 lagenam¹
949 3151 1086 3272 poluit
1101 3160 1195 3248 huic
1211 3161 1384 3248 rostrum
1403 3157 1604 3252 inserena

551 3265 728 3366 Satiatur
747 3265 853 3382 ipsa,
883 3265 926 3356 δι
946 3287 1120 3466 torquet
1140 3269 1361 3357 convivam
1382 3265 1504 3360 lame.

547 3374 658 3482 Quae
680 3399 775 3466 cum
790 3371 826 3461 la
859 3399 948 3464 enae
963 3375 1028 3465 fru
1062 3406 1105 3485 ra
1122 3375 1276 3467 collum
1292 3373 1524 3487 lamberet,

505 3493 508 3501 “
547 3483 818 3599 Peregrinam
829 3401 887 3572 irc
904 3485 1086 3576 locutam
1111 3486 1329 3579 volucrem
1350 3491 1614 3603 accepimus:

544 3593 630 3688 Sua
651 3595 820 3712 quisque
837 3593 1023 3704 exarnpla
1042 3601 1158 3686 debet
1174 3619 1286 3710 aequo
1312 3603 1449 3687 animo
1468 3605 1576 3714 pati.

541 3721 784 3844 Patimur,
815 3732 1008 3938 inquam,
1036 3730 1304 3828 malleatores·
1319 3733 1511 3833 Luciferi
1528 3745 1599 3833 tui'
1615 3740 1683 3837 sua
1703 3775 1853 3844 exem·

333 3925 339 3934 ’
427 3839 948 4160 ἐξὲἓὲἒῖἰῧίῧῗ
966 3941 1170 4072 Paga-in
1190 3959 1347 4050 edibus
1369 3957 1530 4054 nostrie.
1568 3961 1662 4059 Kal.
1672 3969 1852 4090 August.

468 4215 519 4300 (a)
561 4211 757 4295 Quiatltimat
781 4214 874 4283 tanin
894 4205 1053 4372 balanan
1071 4225 1146 4384 ³⁷²⁸,
1184 4205 1534 4362 (badomarium.
1625 4308 1782 4405 ,0οΝ-

855 3843 1009 3938 ἰΓοειῃῖ
1024 3851 1185 3963 posthac
1216 3850 1374 3940 cautius
1397 3851 1587 3945 mercati.
1649 3849 1723 3950 Tu
1740 3889 1851 3954 vero
