3852 4844
542 288 546 294 ’
654 292 1000 387 Panaetium
1458 314 1500 392 31
1698 374 1702 418 Ι
1732 377 1734 382 ,

14 499 17 516 .
84 468 161 522 tarn
179 443 464 540 damnatamque·
493 459 498 469 ·
527 433 754 516 Acerrimum
771 437 837 514 hos
856 431 948 514 inter
969 433 1061 517 duos
1081 436 1186 516 Viros
1203 438 1443 534 Academicos
1461 438 1505 520 de
1522 443 1690 527 Lucum
1799 509 1801 517 ,

15 577 16 580 ¹
84 570 173 622 vera
204 541 347 646 origine
379 535 502 644 gentis
534 537 660 616 nostra‘a
682 537 982 639 ¹disceptationem
1009 565 1086 614 non
1121 537 1234 616 modo
1258 539 1536 643 argumentis„
1609 569 1613 577 ·

14 641 34 734 ι’
81 645 149 724 sed
172 637 489 722 obtreaationibus
510 647 546 716 δι
565 637 789 716 contumeliis
807 635 907 713 fuisse
931 635 1103 718 adituram
1114 697 1125 734 ,
1152 641 1344 732 multos‘ert
1360 667 1508 744 utraque

14 739 22 792 l
84 771 189 850 parte
206 743 305 820 fuisse
324 740 515 831 sedatior,
544 751 789 841 patronosque
812 764 855 814 ex
880 735 1027 818 historia
1053 744 1186 833 horum
1207 766 1281 832 ¹retu
1312 770 1414 820 orum
1433 770 1510 820 cer-

14 913 16 918 ,
86 871 165 922 rum
195 847 395 934 habemus,
427 838 519 917 adeo
550 865 588 916 ut
614 866 696 916 cum
733 837 845 916 incliti
870 841 1040 918 Proceres
1074 840 1281 931 Bohemiae‚
1307 849 1511 946 Redorque

14 962 18 1036 ῖ
85 943 331 1023 Uniretlitatis
349 941 587 1045 agnoscerent
602 940 741 1016 animos
760 935 925 1038 quotidie
943 942 1057 1044 magis
1073 943 1257 1044 magisque
1272 946 1340 1021 hac
1358 969 1509 1046 contro-

86 1043 200 1120 uersia
223 1045 477 1133 effervescere,
505 1041 665 1144 membra
689 1037 931 1146 Universrtaris
955 1040 1088 1135 scindi,
1115 1069 1155 1119 ac
1173 1071 1267 1147 pene
1283 1045 1330 1121 ad
1346 1044 1436 1121 rixas
1459 1043 1508 1120 ir·

14 1151 19 1232 ’ς
86 1145 205 1237 ritari,
231 1143 438 1234 literarum,
463 1139 758 1237 scientiarumque
777 1137 1066 1250 flori-derogari,
1093 1144 1240 1245 utrique,
1259 1145 1348 1246 parti
1369 1143 1510 1249 gravis-

65 1248 186 1322 'ffimo
202 1243 473 1322 edito-decreto
498 1241 671 1318 indicidm
694 1241 738 1322 ¹lit
760 1241 949 1318 silentium.
971 1317 973 1322 ,
1003 1248 1097 1343 Nam
1128 1273 1167 1322 ea
1192 1245 1350 1324 Redoris
1369 1245 1508 1324 Acade·

14 1373 16 1400 ³
86 1345 162 1422 ruia
181 1345 368 1447 Progensrs
387 1341 585 1434 intimatio,
609 1370 685 1442 qua
707 1367 805 1418 anno
831 1350 941 1420 1616.
958 1339 996 1420 in
1015 1367 1162 1443 quarto,
1189 1370 1396 1436 utvocont,
1423 1353 1508 1424 Pra-

14 1489 16 1518 ;
84 1471 140 1550 gae
169 1446 268 1548 typis
293 1441 518 1534 excusa'est',
550 1469 626 1520 nou
655 1439 750 1528 aliud
779 1465 993 1544 exaggerat,
1030 1446 1362 1548 reprehenditque,
1398 1473 1507 1548 quant

15 1569 16 1572 ’
88 1545 191 1645 quod
219 1546 310 1640 Joh·
329 1544 444 1632 Mutii.
471 1541 643 1624 aSudetis
672 1541 802 1642 absque
835 1545 920 1620 scitu
945 1551 980 1620 δι
996 1545 1223 1647 permiffione
1249 1546 1410 1625 Restotis
1434 1551 1507 1626 suas

14 1661 15 1744 }
50 1684 56 1695 ,
86 1670 160 1722 tres
177 1643 385 1744 questiones
397 1642 639 1746 publicaverit.
692 1644 793 1721 Male
812 1641 940 1744 igitur,
957 1643 1181 1748 indigneque
1195 1649 1381 1742 Jordtnus,
1397 1643 1506 1749 quem

14 1749 17 1824 i
85 1747 157 1822 ltac
173 1745 211 1821 in
226 1773 264 1820 re
279 1745 408 1820 secutus
422 1769 476 1831 es,
496 1745 639 1844 quique
656 1769 714 1820 me
739 1741 865 1821 alicubi
887 1742 925 1822 in
943 1745 1099 1840 ejusdem
1119 1747 1249 1838 erroris
1267 1751 1511 1828 ειιιιιιῑιιιιιίο·Δ
1579 1827 1587 1836 ,

14 1929 16 1938 s
85 1873 170 1922 netu
194 1843 320 1938 traxit,
344 1848 433 1922 hunc
459 1845 600 1938 coulilii⁸
622 1843 939 1947 praecipitat-ionem
962 1847 1187 1928 Universttati
1212 1853 1379 1957 ssragenae
1401 1853 1505 1952 affin„-

52 1984 56 1994 ·
85 1945 160 2036 xit,
187 1944 283 2046 quali
305 1972 391 2026 uero
408 1945 464 2022 illa
477 1945 518 2036 in
537 1973 575 2022 re
601 1945 793 2036 historica,
818 1946 1094 2040 sunnnedubia,
1122 1949 1319 2050 decemque
1337 1950 1505 2046 saculisa

85 2047 121 2126 se
140 2071 279 2122 remota
292 2071 429 2124 vcertum
447 2045 580 2146 aliquid
597 2049 733 2124 calculo
748 2046 813 2120 suo
838 2044 1023 2148 statuisset,
1049 2049 1322 2152 definitumque.
1368 2117 1371 2127 .
1404 2043 1505 2148 Vidit

14 2163 16 2244 ξ
84 2171 181 2224 anno
202 2171 297 2245 1733
318 2146 442 2236 Inclita
472 2147 546 2224 hac
563 2145 777 2236 Univetsitas
795 2145 1021 2242 Eruditifliuii
1041 2149 1116 2227 Viri
1132 2149 1170 2227 P.
1187 2151 1335 2250 joannis
1360 2151 1397 2230 O
1428 2144 1508 2255 pelt.

14 2261 16 2352 g
84 2246 313 2342 sententiam,
342 2249 606 2348 quaCzecltum
624 2249 860 2346 Leclruutque
878 2247 969 2322 inter
986 2250 1115 2326 fibulas
1134 2251 1325 2358 relegavit,
1342 2180 1434 2356 passa
1452 2246 1503 2328 est
1617 2330 1621 2338 ,

14 2425 16 2452 Ι
83 2374 173 2450 opus
188 2347 278 2424 illius
298 2349 333 2426 iu
352 2349 426 2451 ipsa
450 2373 580 2453 niagno
598 2349 655 2426 sua
673 2351 763 2426 Aula
780 2346 1166 2444 Carolinadisttibui,
1192 2354 1326 2438 Thesea
1354 2353 1501 2448 adjaaas
1525 2399 1527 2402 ·

14 2533 15 2538 ,
81 2449 333 2552 propugnari,
361 2449 636 2552 praedicarique,
662 2475 739 2527 non
764 2448 909 2550 ignara,
933 2449 1091 2530 modesta
1108 2449 1385 2555 disceptatione,
1414 2479 1501 2530 cou-
1551 2475 1554 2483 ’

14 2551 16 2606 l
82 2553 345 2650 trariotumque
370 2551 612 2652 oppositione
629 2547 762 2628 summa
785 2551 1004 2634 incrementa
1035 2551 1275 2644 reiliterariat
1302 2553 1496 2647 accedere,

14 2687 16 2734 ι
81 2649 383 2750 quemadmodum
409 2652 510 2731 unius
534 2649 719 2752 opinionis
749 2647 961 2728 definitione
990 2651 1207 2730 commercia
1232 2651 1388 2746 erudita,
1415 2653 1519 2730 scri·¹

14 2751 15 2754 ’
85 2751 267 2850 bendique
285 2759 321 2828 So
338 2751 512 2840 sentiendi
533 2751 671 2828 libertas
688 2752 869 2827 tolluntur.
928 2749 963 2828 Si
982 2777 1099 2828 tamen
1119 2753 1182 2831 Vir
1202 2755 1259 2832 Cl.
1277 2757 1367 2830 Acta
1385 2757 1421 2830 T
1424 2753 1495 2831 roi·

14 2871 16 2884 “
84 2852 171 2930 liano
192 2851 337 2954 legisti,
363 2851 480 2944 effare,
498 2879 585 2928 nuru
604 2855 661 2932 vel
679 2872 793 2928 unum·
808 2851 971 2944 firmum,
997 2851 1175 2944 solidum,
1201 2853 1496 2952 convincensque
1603 2897 1614 2905 -

14 2955 16 3032 ζ
82 2959 331 3057 argumentum
361 2951 490 3030 seu-ad
516 2951 807 3043 asseverandam,
833 2952 891 3029 seu
924 2953 1125 3056 negandam
1158 2954 1296 3044 Czechi
1332 2953 1384 3031 tui
1411 2945 1493 3058 opi·
1546 2973 1548 2979 ·

14 3055 16 3142 f
83 3053 230 3132 nionem
255 3053 553 3153 depreltenderisi
606 3051 816 3130 detexistine
834 3051 872 3128 in
891 3055 1060 3129 alterutro
1089 3059 1238 3132 autlrore
1260 3079 1493 3135 monumenta

14 3163 16 3210 i
87 3153 257 3254 quapiam
277 3153 435 3241 vetusta,
462 3181 537 3253 qua
555 3152 620 3232 tibi
642 3153 750 3231 fidem
768 3151 898 3232 saciant
922 3154 1018 3230 hunc
1036 3154 1267 3233 conditorem
1287 3155 1403 3260 gentis
1432 3183 1494 3233 ex-

14 3267 16 3304 *
84 3253 219 3346 stitisse,
243 3280 304 3330 aut
331 3279 407 3331 non
435 3253 626 3332 exstiturae
680 3254 784 3332 (duid
812 3253 850 3330 in
876 3280 1030 3354 utroque
1062 3255 1218 3359 reperite
1243 3256 1353 3351 licet,
1389 3282 1496 3358 quarn

14 3354 31 3436 f
84 3353 312 3458 praejudicia,
328 3354 447 3456 gentis
459 3355 696 3432 rumusculosi
720 3355 909 3432 authorum
928 3355 1158 3434 retentifflme
1172 3383 1265 3460 pene
1280 3385 1324 3435 ert
1341 3384 1417 3434 oro
1436 3384 1495 3433 err·

14 3459 15 3548 J
84 3457 257 3534 clusonmt
283 3455 503 3534 testimoniai
556 3458 748 3532 verborum
769 3459 934 3559 pugnari
958 3458 1309 3558 argumentationum
1331 3460 1508 3535 nebulasi·

14 3583 15 3620 1
83 3558 347 3660 captiunculasi
373 3559 504 3660 satyras=
518 3562 553 3632 δι
571 3558 829 3638 contumelias}
881 3558 1014 3634 Troilo
1030 3555 1066 3635 in
1085 3584 1131 3636 eo
1149 3561 1281 3636 summa
1293 3558 1498 3664 argumenti
1528 3598 1530 3604 ·

14 3705 16 3716 ι
82 3658 134 3734 ris
153 3715 164 3750 ‚
187 3657 499 3758 quemadmodum
524 3664 560 3733 dt
581 3657 672 3732 tibi:
724 3655 1070 3750 dedecorosissimum
1098 3657 1297 3763 euergenti
1325 3660 1497 3736 nolltaa
1543 3709 1546 3720 ·
1599 3745 1601 3752 y

14 3815 16 3840 .
81 3758 214 3836 lar-lara
238 3756 568 3860 nationi'origincm
590 3757 758 3850 trahere,
783 3757 886 3857 quod
911 3757 955 3834 ad
973 3756 1093 3844 ,ravim
1113 3759 1222 3858 usque
1247 3757 1330 3838 toris
1357 3757 1497 3866 paginis
1542 3827 1545 3832 ,
1619 3823 1622 3830 .

14 3917 16 3924 -
81 3883 286 3963 exaggerat.
338 3858 406 3936 Sed
431 3855 598 3936 curn-Vir
616 3859 672 3949 Cl.
693 3859 815 3936 sedulo
833 3859 952 3960 priora
973 3859 1017 3939 de
1034 3859 1153 3936 Troili
1171 3861 1341 3939 sententia
1358 3888 1402 3939 ex
1419 3865 1497 3958 Jot·
1585 3895 1590 3905 ·

81 3958 174 4038 dano
196 3957 426 4061 exscripsrssi,
451 3986 514 4036 cur
529 3985 608 4034 non
627 3985 775 4060 quoque
792 3959 940 4054 Jordnni
957 3959 1125 4056 judicium
1146 3964 1190 4040 de
1210 3967 1276 4042 hac
1296 3963 1413 4040 Troili
1432 3961 1501 4038 tlisa

80 4061 235 4141 ficultate
251 4059 450 4158 subjecisti?
515 4057 594 4136 Sino
614 4062 627 4159 (
647 4060 764 4162 inquit
781 4059 956 4156 jordanus
980 4063 1067 4157 (al)
1097 4069 1220 4142 iior'lus
1245 4124 1255 4147 .
1283 4127 1291 4144 .
1317 4121 1327 4144 .
1355 4121 1364 4143 .
1390 4076 1501 4162 imme·

749 4205 760 4223 ·
1365 4177 1447 4241 rito
1489 4184 1494 4193 “

117 4287 168 4374 (a)
213 4271 422 4396 Jordan-orig.
443 4293 516 4360 Slar.
538 4291 602 4360 seu.
621 4313 657 4373 51
684 4299 728 4363 N.
744 4300 818 4376 ⁶98·
