3906 4840
310 241 313 250 ¹
409 285 482 346 122
857 359 861 368 ¹
970 249 1299 352 consummo

170 425 345 513 Luam,
406 417 719 524 p‘rotelirrumqtie
735 437 808 496 tuta
826 415 984 518 quadam
1008 420 1188 516 securius,
1214 423 1369 525 probant
1388 412 1552 502 aduersus
1577 431 1705 512 omnes
1728 419 1853 500 diffi-'

406 524 554 620 cultures
575 520 741 621 expeditu
765 544 880 611 arma,
909 547 984 618 quae
1003 547 1113 600 omne
1138 523 1202 598 fibi
1222 523 1410 599 adversum
1428 524 1530 600 facile
1549 523 1709 614 elidunt,
1737 523 1839 601 ster-

320 635 326 647 ’
404 644 523 714 nunt,
550 620 798 720 vinctmtque3
825 617 980 696 ostendit
1001 649 1229 723 quorumque
1256 624 1565 700 eruditissimorum
1584 621 1754 700 Virorum
1774 624 1844 719 iu.

403 722 557 808 dicium,
586 721 646 819 qui
667 719 838 822 opinioni
866 718 949 819 huic
973 747 1129 821 utroque
1148 723 1283 828 pollice
1302 724 1531 798 subscribunt.
1581 728 1626 800 Et
1648 724 1837 824 profesio
1942 689 1944 804 i

401 821 587 906 observavi
605 821 678 920 ipse
695 824 818 896 crebra
837 820 992 898 lessione
1010 823 1201 928 scriptores
1224 824 1331 914 aiios,
1347 819 1418 922 'qui
1439 822 1558 924 patrie
1576 823 1840 927 soaeorigines
1935 885 1941 897 .

400 949 446 1000 ex
467 921 595 1000 criticas
615 921 754 1026 legibus
771 922 988 1018 concinnare
1005 923 1077 999 orsi
1093 923 1196 1015 sunt,
1222 922 1268 1002 ‘eo
1284 925 1410 1000 mentis
1431 924 1542 1000 aciem
1563 925 1682 1026 passtm
1704 925 1841 999 inten-

400 1025 511 1114 disse,
538 1021 760 1124 urgentium
787 1022 923 1106 suarum
949 1024 1098 1100 nomina
1123 1023 1384 1123 memoriasque
1411 1051 1455 1100 ex
1486 1023 1608 1129 griseis
1635 1023 1840 1124 latinisque

247 1154 252 1165 ·
361 1180 367 1190 κ
400 1126 581 1200 veteribus
603 1123 836 1224 scriptoribus
856 1121 1107 1223 exquirerent,
1134 1149 1242 1224 arque
1266 1125 1346 1200 stin
1374 1123 1493 1216 terris,
1521 1151 1605 1223 quas
1632 1125 1743 1202 bodie
1764 1151 1839 1200 co-

397 1227 497 1318 lunt,
524 1223 733 1301 adventitius
761 1224 830 1300 eise
846 1226 1106 1328 agnoscerent,
1130 1229 1211 1302 loca
1238 1233 1274 1301 &
1292 1249 1457 1328 tempora
1483 1226 1629 1327 solerter
1656 1228 1835 1326 explora·
1942 1219 1944 1226 ⁴

364 1341 368 1348 '
398 1350 504 1426 rent,
517 1324 658 1424 quibus
680 1323 768 1400 oiim
785 1324 932 1418 majores
952 1324 1000 1399 sui
1019 1326 1195 1417 sederint,
1223 1351 1306 1425 quas
1319 1329 1381 1400 ob
1400 1325 1514 1401 causas
1542 1324 1834 1418 iliudimiserinr,

401 1451 477 1539 quo
494 1426 636 1504 circiter
662 1433 798 1528 pundo
816 1425 992 1528 temporis
1013 1425 1179 1502 innovas
1199 1426 1448 1528 immigratint.
1525 1425 1643 1502 (duod
1671 1426 1831 1500 studuim

399 1529 576 1604 emulatus
604 1527 641 1604 in
667 1529 899 1603 Zecchorum
934 1526 1078 1602 illorum
1098 1552 1259 1604 veterum
1288 1527 1397 1618 sede,
1423 1525 1678 1630 emigrationis·
1698 1526 1830 1618 causis,

350 1685 354 1692 -
400 1651 579 1730 tempore,
596 1629 794 1732 ceterisque
813 1627 1090 1720 circumstantiis,
1107 1629 1229 1704 omnia*
1247 1625 1507 1732 diligentissime
1520 1628 1720 1730 persecutus
1738 1629 1854 1706 firm.-
1902 1649 1908 1666 ⁸

400 1730 436 1802 Si
455 1731 551 1828 enim
569 1729 910 1819 indubitatumest,
923 1753 984 1804 eos
1001 1722 1217 1806 adventitios
1234 1729 1303 1805 esse
1329 1731 1365 1806 in
1380 1728 1546 1820 boemia,
1575 1727 1704 1828 quidni
1732 1749 1829 1804 con·

304 1823 306 1832 '
401 1829 606 1904 senroneum
624 1829 665 1904 stt
681 1854 744 1904 eos
760 1852 841 1907 ante
865 1831 963 1904 huuc
983 1828 1178 1932 ingressum
1206 1829 1290 1906 alibi
1313 1856 1420 1906 terras
1446 1828 1613 1916 coluisse,
1642 1834 1677 1903 δι
1693 1828 1827 1927 procul

401 1925 516 2002 dubio
539 1953 676 2007 nomen
698 1929 815 2003 secum
838 1925 1009 2006 attulisses
1044 1929 1161 2006 Quod
1181 1957 1368 2029 utrumque
1396 1957 1477 2005 cum
1499 1931 1706 2006 Grecorum
1724 1922 1826 2016 Luti-
1932 1977 1938 1988 ·

194 2125 197 2128 .
399 2055 603 2128 notumque
625 2029 834 2130 scriptorum
851 2028 1019 2132 legitimis
1040 2030 1281 2108 monumentis
1300 2031 1462 2106 testatum
1477 2030 1645 2119 fecerim,
1661 2026 1827 2130 piurimis

169 2143 175 2153 “
304 2185 305 2188 ,
401 2129 506 2204 etiam
534 2128 639 2206 certis
671 2117 811 2205 indiciis
838 2155 901 2206 eos
931 2153 1042 2232 gente
1069 2138 1102 2206 δι
1132 2130 1253 2234 lingua
1282 2134 1405 2208 Siavos
1434 2129 1530 2206 fuisse
1563 2128 1824 2231 probaverim,

358 2297 361 2304 .
401 2227 529 2327 quidni
548 2255 671 2331 preter
690 2230 943 2328 hesitationem
964 2231 1207 2346 cqncludams
1225 2257 1361 2308 veteres
1385 2225 1469 2305 tttia·
1484 2233 1653 2306 Zeccbos
1671 2229 1825 2321 majores

271 2387 275 2398 .
336 2327 338 2334 '
374 2369 376 2374 v
399 2328 541 2406 nostros
557 2331 677 2408 fuisses
732 2335 860 2430 Neque
879 2357 968 2408 uero
987 2359 1044 2408 me
1065 2332 1157 2416 iilos
1179 2355 1331 2432 quatuor
1352 2333 1426 2407 fere
1445 2333 1571 2407 surculis
1591 2330 1715 2415 inolita
1727 2331 1827 2406 Cze·

400 2429 463 2528 chi
479 2432 609 2533 opinio
632 2430 825 2510 absterrere
850 2432 990 2534 potuit,
1016 2433 1390 2532 quandoquidem'vel
1410 2435 1453 2508 ab
1472 2433 1553 2533 ipsis
1575 2429 1696 2508 feneis
1711 2431 1825 2506 Patri-

398 2533 464 2608 bus
485 2533 717 2644 Hieronymo
737 2539 772 2609 &
789 2531 978 2644 Gregorio
999 2535 1286 2646 eqmmeudoram
1318 2535 1565 2634 prolatamque
1591 2532 1637 2607 de
1654 2537 1825 2608 sirenem

398 2635 515 2734 gentis
535 2637 752 2710 Francorum
771 2633 967 2708 conditore
987 2632 1201 2735 opinionem
1219 2633 1331 2712 bodie
1347 2635 1393 2708 ab*
1412 2633 1556 2708 eruditis
1572 2631 1714 2732 penitus
1732 2657 1826 2708 con-

367 2732 371 2738 ’
398 2735 574 2826 fututam,
601 2743 638 2810 δι
656 2761 725 2835 pro
741 2733 857 2812 fabula
874 2733 1033 2808 sonitum
1054 2733 1312 2836 deprehendo,
1337 2733 1429 2811 adeo
1457 2758 1494 2810 ut
1510 2737 1730 2810 Francorum
1750 2730 1825 2816 orie

399 2861 451 2939 go
469 2835 725 2914 multocettius
742 2860 761 2912 a
778 2801 956 2914 ueteribus
973 2833 1115 2911 Francis
1135 2834 1247 2912 hodie
1271 2859 1460 2934 repetatur.
1540 2837 1619 2910 Nec
1640 2857 1698 2909 me
1726 2835 1823 2920 latet,

400 2933 616 3036 opinionem
634 2931 733 3026 eim,
760 2959 867 3036 quam
889 2935 1102 3012 vetustissimi
1122 2936 1257 3036 quique
1278 2935 1466 3038 scriptores
1487 2934 1533 3012 de
1550 2933 1709 3034 quodam
1721 2937 1825 3010 Mur-

398 3037 623 3139 pestosaro,
652 3061 710 3111 aut
726 3038 884 3127 Saxone,
902 3042 937 3112 de
955 3037 1301 3116 frisonemxonum
1331 3035 1449 3138 gentis
1479 3033 1729 3112 conditoribus
1756 3061 1825 3134 po·

398 3135 543 3213 desirati
561 3135 863 3237 transcripserunt,
886 3137 995 3211 bodie
1016 3139 1132 3238 passim
1153 3135 1245 3214 inter
1260 3136 1367 3213 aniles
1389 3135 1518 3210 fabulas
1541 3133 1659 3226 rejici,
1686 3133 1827 3238 postea·

377 3295 382 3302 .
402 3261 519 3337 quarn,
532 3229 760 3336 iliri'quique
774 3235 907 3313 'eruditi
926 3237 1024 3328 hujus
1043 3245 1077 3312 δι
1093 3237 1279 3339 superioris
1299 3235 1409 3312 seculi
1427 3235 1693 3334 antiquissimam
1712 3238 1823 3310 Sero·

320 3383 324 3391 ·
401 3365 490 3416 num
541 3359 661 3413 entem
686 3355 730 3412 ert
754 3337 1189 3452 veteribusGeogrupbis
1212 3339 1434 3413 detexerunt.
1512 3335 1569 3411 Sic
1591 3335 1679 3412 novi
1706 3336 1825 3412 adbuc

370 3444 379 3455 '
404 3463 488 3516 ante
513 3364 587 3516 duo
609 3438 726 3516 sarcula
748 3463 767 3514 a
789 3436 948 3539 piurimis
977 3437 1171 3516 Cbromcis
1201 3439 1419 3514 celebratum
1446 3437 1616 3514 aarum
1642 3434 1824 3528 Baioario-

405 3565 485 3614 rum
502 3563 638 3638 patrem
656 3547 909 3629 drausionem,
933 3549 1016 3616 'cum
1044 3539 1157 3615 hodie
1176 3561 1286 3616 nemo
1307 3537 1456 3636 amplius
1476 3534 1513 3618 in
1538 3535 1700 3614 dubium·
1717 3563 1824 3614 vocer

403 3661 554 3742 gentem
575 3642 669 3718 hans
685 3645 873 3736 nomen&
890 3665 1003 3740 genus
1018 3664 1039 3714 o
1056 3637 1286 3715 vetustissimis
1297 3637 1389 3734 iioiis
1409 3633 1590 3740 accepisse.
1646 3635 1824 3714 (duaefirit

331 3773 333 3776 ·
405 3737 623 3819 nobilissima
633 3743 851 3814 Hunnorum
870 3740 929 3816 seu
941 3741 1200 3842 Hungarorum
1228 3736 1327 3816 natio
1345 3729 1463 3818 sedem
1490 3739 1585 3815 suam
1611 3765 1824 3837 nomenque

299 3885 302 3894 ·
358 3884 363 3892 .
405 3835 446 3912 in
472 3837 582 3931 ¹bitu,
610 3863 717 3935 atque
744 3839 892 3920 invenit.
944 3843 1123 3916 Invenere
1149 3837 1234 3914 iilud
1257 3839 1401 3942 -Bulgari
1429 3841 1464 3916 in
1492 3863 1614 3917 vetere
1639 3839 1822 3942 bulgaria,

405 3942 561 4032 Avares,
588 3938 668 4014 Srbi
686 3946 721 4016 δι
738 3939 825 4016 Ueri
842 3939 886 4016 ad
904 3941 1070 4041 patiodem
1095 3938 1306 4043 Maeotydis,
1332 3940 1390 4016 olii
1411 3941 1514 4033 aiibi,
1543 3939 1621 4038 quis
1641 3966 1719 4015 non
1741 3941 1826 4042 gio·

245 4087 248 4096 ,
298 4064 300 4069 ’
379 4038 536 4134 ‚riostus
557 4039 706 4143 deputet
726 4037 849 4144 gentis
870 4041 996 4116 nostrae
1020 4039 1152 4144 pariter
1176 4039 1360 4142 originem
1389 4043 1559 4141 sedesque
1580 4067 1624 4118 ex
1647 4039 1825 4132 ejusmodi

283 4203 287 4214 ,
403 4141 581 4222 veteribus
602 4142 837 4246 Geographis
864 4139 1113 4243 historicisquc
1141 4143 1362 4244 exquirere,
1395 4151 1431 4222 te
1447 4168 1583 4220 nomen
1609 4140 1709 4218 suum
1743 4165 1824 4317 qon
1851 4151 1855 4158 '
