3906 4840
262 274 299 313 ‘·
421 287 543 372 124*
806 285 810 292 ·
943 267 1269 360 Coururrrro

182 414 342 508 Imm
415 413 603 538 rogoniti‚
625 418 884 524 Theophanis,
910 419 1091 514 Dismari,
1119 421 1335 518 Helmoldi,
1363 425 1439 503 iuro
1466 432 1502 504 δι
1523 425 1730 508 Christenni
1773 458 1855 508 no·

419 523 504 616 stu,
529 545 683 623 quorum
701 525 812 601 verba
836 524 910 598 hoc
934 523 971 600 in
997 547 1213 626 argumento
1239 547 1309 600 rnru
1332 529 1423 604 clara
1451 530 1549 620 suot,
1575 553 1613 606 ut
1635 531 1736 608 usum
1755 557 1856 616 ocu-

347 701 349 714 ,
420 627 543 704 lorum
560 621 753 724 judiciique
772 621 919 700 smifiue
946 623 1135 727 deputem,
1161 624 1221 728 qui
1242 623 1282 700 in
1299 625 1343 714 iii
1366 627 1682 731 perspicuitatem,
1708 633 1856 708 uerita·

339 785 345 804 .
413 747 569 827 temque
594 749 670 803 non
697 722 879 830 agnoscat.
932 729 1013 803 Nec
1029 749 1120 803 uero
1144 749 1226 806 ante
1253 750 1288 802 re
1310 727 1373 806 vir
1389 730 1446 813 Cl,
1465 727 1554 806 milri
1573 733 1693 808 velex
1713 759 1855 810 recer-

261 863 267 870 ·
408 827 555 926 tiorum
573 824 715 904 infinita
733 851 829 928 pene
847 827 1073 915 turba-ledus
1093 851 1245 926 unquam
1264 855 1350 904 tantu
1370 829 1513 927 uliquis,
1542 829 1602 929 qui
1630 829 1728 908 hooc
1753 832 1853 933 pris·
1932 849 1934 918 l

411 955 503 1009 sum
527 925 707 1005 veteribus
725 924 837 1003 Sluvis
862 935 1029 1018 morem,
1056 925 1242 1026 reqiminis
1272 954 1316 1006 ue
1335 928 1578 1020 Aristocrarici
1608 930 1669 1007 seu
1696 932 1850 1013 Demo·
1929 943 1934 990 l

418 1027 540 1107 cretici
570 1027 725 1120 formum
750 1024 974 1132 disputasset,
999 1050 1057 1106 aut
1084 953 1475 1112 illa'reruiliffimorum
1500 1029 1715 1132 scriptorum
1741 1031 1849 1110 testi·
1914 991 1934 1068 ’ς

404 1128 540 1208 monia
567 1127 604 1204 in
623 1125 772 1207 dubium
797 1141 934 1205 vocare
957 1127 1165 1207 attentasset.
1245 1131 1379 1207 Bellum
1399 1128 1510 1244 igitur
1536 1155 1614 1207 non
1631 1131 1747 1221 mihi,
1779 1131 1848 1230 sed
1933 1145 1934 1152 ’

414 1229 540 1334 primis
571 1246 688 1306 rerum
714 1227 926 1305 Slavicarum
952 1227 1099 1305 ocularis
1129 1228 1322 1330 auritisque
1356 1230 1526 1322 testibus,
1563 1255 1655 1331 quos
1684 1232 1847 1310 historie

415 1356 552 1434 patres,
575 1336 808 1430 rudioresque
832 1327 953 1405 omnia
987 1330 1104 1406 sucula
1132 1353 1299 1408 venerata
1318 1331 1414 1422 sunt,
1441 1329 1619 1426 indixisti,
1643 1359 1728 1410 curn
1750 1337 1846 1412 Mo-

413 1430 590 1512 narchico
614 1429 773 1532 imperio
798 1451 936 1510 veteres
963 1431 1084 1507 Slaros
1116 1431 1195 1534 regi
1221 1432 1344 1506 solitos
1375 1431 1574 1509 contendis.
1651 1432 1708 1509 llli
1740 1443 1893 1540 certes

311 1567 315 1576 ·
416 1532 512 1612 miro
527 1530 673 1634 ¹prorsus
695 1530 868 1608 consensu
893 1529 929 1607 in
951 1529 987 1606 id
1010 1529 1121 1606 unum
1150 1531 1385 1635 conspirant:
1413 1533 1524 1610 Slaris
1547 1531 1726 1612 veteribus
1750 1535 1843 1612 olim

415 1659 543 1738 prater
570 1631 725 1715 seniores
754 1629 907 1735 populi,
930 1630 1214 1732 familiarumque
1249 1631 1365 1735 cupita
1397 1631 1583 1749 Principes
1605 1633 1726 1736 gentis
1747 1661 1842 1711 ‘non

414 1734 537 1827 fuisse,
562 1734 746 1833 neque-rb
766 1757 841 1808 uuo
867 1731 1017 1810 homine
1036 1732 1231 1835 gubernari
1257 1759 1397 1812 tuorem
1426 1733 1600 1826 habuisse,
1627 1733 1690 1810 secl
1715 1735 1842 1813 vixisse
1932 1777 1934 1792 ι

372 1863 380 1892 ·
413 1833 602 1914 communi
628 1833 810 1928 libertate,
838 1855 892 1908 res
917 1859 1041 1909 omnes
1065 1831 1188 1923 utiles,
1204 1835 1259 1910 uel
1284 1833 1441 1911 difficiles
1468 1831 1721 1911 incommune
1746 1861 1842 1911 con·

303 1983 319 2044 ,¹
415 1935 529 2012 filiurn
546 1933 747 2022 deduxisse,
774 1955 929 2008 mortem
947 1957 1028 2007 eum
1046 1930 1123 2009 non
1141 1932 1321 2036 effugisse,
1345 1933 1407 2034 qui
1423 1932 1678 2012 Monarchiani
1696 1934 1853 2012 nuliis--

416 2037 486 2126 set,
511 2057 570 2111 eut
585 2033 632 2108 ud
648 2033 877 2110 evertendum
896 2048 1126 2111 communem
1146 2031 1367 2129 libertatem,
1386 2036 1440 2113 uel
1455 2033 1651 2130 moliminis
1670 2033 1836 2137 suspicio·
1933 2091 1934 2094 ,

416 2162 501 2212 nem
522 2133 648 2212 ceteris
667 2133 870 2238 prebuisset.
899 2134 947 2217 (a)
1009 2135 1184 2212 Credisne
1209 2137 1282 2212 hac
1300 2133 1608 2214 vetulliffimorum
1628 2138 1836 2228 authorum,
1888 2207 1897 2220 ,

417 2233 481 2338 qui
507 2261 563 2314 res
589 2233 652 2312 subi
674 2259 999 2337 contemporaneus
1023 2234 1185 2314 fideliter.
1200 2236 1244 2312 td
1265 2235 1508 2338 posteritatem
1531 2235 1839 2338 transcripserunt,

354 2355 359 2362 '
411 2335 621 2414 testimonio
648 2335 727 2413 satis
742 2335 895 2427 idonea,
913 2361 1080 2439 certaque
1101 2335 1192 2412 mihi
1212 2337 1324 2415 rideri
1346 2335 1514 2438 potuisse,
1545 2361 1584 2411 ur
1600 2359 1726 2437 preter
1742 2335 1839 2412 hest·

418 2436 604 2522 rationem,
618 2435 839 2514 scriberem:
865 2437 1015 2516 Slauicas
1040 2461 1166 2542 gentes
1190 2439 1283 2514 olim
1311 2436 1435 2512 innato
1460 2435 1619 2536 quodam
1636 2435 1726 2514 odio
1744 2441 1836 2514 Mo·

411 2537 606 2629 marchias,
631 2541 772 2632 Duces,-
797 2542 986 2640 Regesque
1014 2539 1211 2615 aversatus}
1245 2537 1402 2614 Aliudne
1426 2535 1472 2612 de
1527 2535 1623 2614 rimis
1651 2536 1840 2631 Dalmatis,

417 2638 581 2730 Croutis,
597 2639 816 2738 Serblisque,
833 2663 871 2714 ut
887 2635 1252 2742 porphyrogenitum
1272 2659 1342 2716 ete
1363 2663 1433 2712 ram
1450 2563 1604 2740 indigne
1619 2636 1841 2744 exagitatum
1931 2717 1933 2734 ,

418 2738 709 2844 pretermittam,
743 2737 1075 2841 senfitlumbyter
1102 2739 1271 2830 Diocleas
1290 2785 1311 2832 ‚·
1337 2739 1501 2814 Thomas
1529 2737 1840 2831 Archidiuconus,

417 2841 633 2935 Dandalus,
662 2837 948 2943 dodiffinrusque
973 2839 1132 2918 Luciusl
1166 2837 1325 2918 Aliudne
1351 2838 1397 2916 de
1420 2837 1529 2915 Sluvis
1555 2837 1840 2938 aquilonaribus
1932 2899 1933 2902 ,

308 2993 318 3004 .
416 2940 612 3045 prodidere
628 2941 902 3042 Theophanes,
929 2941 1084 3017 Adamus
1102 2941 1316 3029 Bremensrs,
1337 2939 1509 3018 ulbertus
1526 2939 1700 3018 Studenlis
1714 2991 1726 3032 ,
1741 2941 1841 3013 Hel·
1930 3025 1932 3036 A

419 3041 664 3142 moldusquel
695 3039 847 3118 Aliudne
872 3041 918 3118 de
935 3039 1096 3120 Luiriciis
1119 3042 1329 3118 Dismaros?
1356 3043 1401 3117 Et
1426 3038 1464 3116 in
1490 3065 1565 3142 quo
1581 3040 1643 3129 ¹rei
1666 3039 1840 3118 uniuersae
1928 3071 1932 3112 ι

420 3143 532 3220 cardo
552 3143 726 3234 uersatur,
751 3141 884 3222 aliosne
902 3165 1037 3233 moras,
1063 3161 1122 3220 aut
1141 3139 1327 3244 regiminis
1346 3141 1497 3218 formam
1516 3139 1640 3246 primis
1655 3139 1839 3220 Bohemiae
1893 3187 1898 3198 ·

422 3239 682 3322 habitatoribus
709 3242 906 3330 tribuerunt
931 3239 1155 3342 antiquissimi
1185 3240 1297 3318 nostri
1328 3239 1517 3342 scriptores
1543 3241 1776 3320 Christannus
1797 3248 1839 3320 δι

424 3343 599 3421 Cosmasl
625 3371 711 3420 num
742 3340 898 3440 denique
923 3341 1123 3446 generatim
1151 3340 1197 3417 de
1216 3341 1325 3445 sla-uis
1344 3339 1439 3416 aliud
1463 3341 1587 3435 sensu,
1611 3365 1650 3417 ut
1675 3342 1838 3429 Alsema-

422 3471 533 3540 num,
559 3441 793 3536 Henselium,
820 3441 1066 3536 Bandusium,
1092 3441 1251 3544 aliosque
1276 3439 1568 3544 praetermittam,
1594 3443 1792 3537 Jordenm,
1817 3470 1840 3521 e
1915 3527 1918 3538 ,

423 3542 519 3640 cuius
537 3571 633 3650 pene
655 3547 755 3622 unius
778 3541 986 3648 fingmenris
1003 3542 1286 3620 lucubrationem
1304 3565 1398 3618 tuom
1417 3541 1662 3619 consircinalli
1681 3546 1694 3618 ἓ
1722 3545 1838 3644 spera-

424 3643 463 3724 ri
480 3671 572 3724 uero
590 3671 626 3724 te
649 3650 708 3725 uel
731 3670 843 3722 unum
865 3645 990 3721 saltem
1011 3643 1281 3720 recentiffimum
1306 3665 1486 3742 quemque
1503 3641 1750 3720 Monarchico
1773 3665 1840 3722 tuo

339 3753 342 3758 ’
422 3746 609 3827 Slouonrm
626 3772 787 3825 ueterum
808 3741 964 3849 imperio
976 3744 1213 3822 autumnum
1231 3741 1372 3830 testem,
1399 3741 1460 3819 sed
1476 3741 1655 3848 legendo,
1673 3744 1841 3848 relegen-

323 3845 352 3948 J
391 3911 394 3920 .
424 3847 551 3947 doque
574 3849 784 3950 opusculum
808 3863 938 3936 tuum,
972 3843 1071 3921 inani
1104 3839 1454 3945 conatu-defatigari
1478 3845 1631 3938 oculos3
1666 3869 1754 3918 narn
1781 3847 1841 3922 uel

419 3948 521 4058 ipsos
542 3945 678 4056 patrios
700 3945 842 4026 nostros
858 3943 1045 4056 scriptores
1063 3946 1318 4046 Polonosque‚
1335 3943 1399 4044 qui
1421 3942 1557 4047 impetu
1575 3942 1734 4044 quodem
1751 3969 1842 4045 pro·

469 4265 519 4350 (ι)
539 4267 616 4336 vau
641 4262 700 4354 qo
713 4282 843 4331 maun
871 4261 1032 4329 annun
1052 4262 1084 4325 n
1101 4216 1261 4326 nerem
1276 4209 1573 4340 magistu
1592 4255 1670 4372 sus
