3820 4820
422 261 500 338 292
955 237 1277 318 Conrnrnrto
1364 249 1368 261 '

135 386 139 402 “
190 405 363 495 lump,
427 396 664 466 monumenta
688 389 847 496 allegas?
875 385 1021 468 struisne
1047 387 1114 466 illis
1132 389 1283 470 Czecbo
1307 411 1369 468 tuo
1393 388 1541 494 aliquod
1567 379 1854 468 fulcimentum!

428 490 598 570 Habente
617 492 819 570 alterutrum
832 491 973 572 Czechi
991 491 1231 581 memoriuml
1254 493 1433 587 Primum,
1459 517 1496 572 ut
1512 492 1739 594 compendio
1759 491 1824 567 ref
1839 536 1854 551 -

429 617 529 686 ram,
555 591 642 670 dicit
660 601 693 670 S.
712 597 913 672 Adalbarrum
928 595 1080 696 rrvrrtq'ffe
1095 599 1141 670 ad
1159 600 1332 672 Caralim.-
1375 601 1542 676 alterum
1558 592 1631 670 ait:
1664 598 1857 670 Wlltlmrtm
1898 639 1900 644 .

389 760 393 766 .
431 701 621 774 Kaunlcinm
646 725 715 772 cum
732 701 1093 798 maniprtla·Cucchorum
1110 695 1152 772 θ’
1172 705 1380 774 Moravarum
1404 697 1560 797 ocrrtrn'ffr
1577 701 1692 798 fratri.
1768 699 1857 768 Pro·

314 879 342 902 ,Ι
430 794 531 888 sedo
554 793 592 872 bi
611 795 684 876 duo
703 799 767 879 soli
787 796 878 875 remi
900 799 949 874 sat
972 795 1081 874 validi
1108 796 1173 902 tib'i
1193 797 1308 874 rideri
1338 823 1490 902 potuere
1516 797 1560 874 ud
1583 794 1736 872 bisloriae
1760 795 1856 872 Cze·

430 896 491 984 chi
519 895 707 1001 rtevigium
739 899 941 1006 importum
971 897 1278 1002 provehendum:
1305 927 1440 1002 nempe
1466 895 1605 976 nemini
1631 899 1690 974 vel
1713 895 1856 998 cogitu-

429 998 532 1084 tione
550 999 682 1100 assequi
705 1001 809 1096 licet,
836 998 1042 1082 utCzechia
1056 999 1268 1102 Czecnique
1288 999 1417 1104 populi
1436 999 1580 1077 aliunde
1598 1024 1705 1100 quam
1729 1001 1857 1076 aCze-

425 1103 501 1181 cho
527 1124 592 1177 tuo
608 1129 748 1188 nomen
770 1102 982 1181 invenerint.
1064 1105 1257 1203 Negavine
1280 1129 1372 1182 nero
1390 1129 1464 1207 ego
1495 1127 1651 1202 unquam
1669 1099 1855 1176 Boemiam

428 1202 529 1279 aliter
547 1203 743 1280 Czechiam
755 1261 766 1296 ,
794 1213 829 1282 δι
846 1210 999 1281 lloemos
1022 1204 1122 1301 aliter
1145 1206 1313 1281 Czechos
1331 1207 1528 1307 appellatos
1546 1193 1669 1279 frissel
1699 1199 1792 1300 quin
1812 1197 1856 1275 uti

427 1304 647 1381 creberrime
666 1307 770 1398 alias,
793 1307 839 1383 ira
858 1305 1224 1408 porro'pronuncio:
1251 1305 1518 1382 verosimillime
1536 1302 1625 1382 mihi
1644 1300 1764 1380 videti
1790 1301 1852 1395 jam

425 1406 906 1491 Bolesluorummostrorutn
939 1407 1164 1510 temporibus
1192 1407 1359 1485 Czechiu
1393 1434 1532 1484 nomen
1563 1403 1789 1508 pedetentim
1812 1401 1853 1478 ad

401 1591 404 1596 ,
429 1533 557 1586 omnes
584 1503 764 1586 bohemia
797 1508 1022 1612 provincius,
1048 1509 1362 1608 Czeclrorumque·
1380 1508 1429 1584 ad
1449 1506 1652 1585 tutiverlirm
1672 1505 1853 1583 Bohemo·

428 1637 509 1686 tum
530 1615 708 1714 populum
741 1612 840 1689 fuisse
870 1635 1132 1713 propagatum,
1160 1635 1364 1709 quanquam
1393 1610 1430 1686 in
1448 1607 1590 1686 vetustis
1615 1604 1852 1710 scriptoribus

430 1737 607 1812 nusquam
633 1740 713 1791 unte
734 1717 901 1792 Saeculum
920 1716 1002 1788 XlL
1027 1720 1062 1786 bc
1080 1713 1301 1788 Cinnamnm
1334 1738 1472 1788 nomen
1502 1709 1539 1784 id
1557 1711 1728 1786 haldenus
1758 1712 1852 1812 lege·

431 1813 514 1892 tini.
566 1815 602 1890 Si
621 1815 741 1916 itaque
765 1817 909 1892 fortuna
925 1811 1093 1916 benigno
1114 1811 1226 1888 sidere
1245 1837 1279 1890 te
1297 1811 1472 1915 respexit,
1499 1819 1534 1887 dt
1551 1809 1712 1887 detexisti
1742 1807 1850 1886 docu-

434 1940 598 1992 mentum
631 1915 832 2018 quodpiam
858 1914 1042 1991 Cinnamo
1068 1911 1280 2004 vetustius.‚·
1301 1914 1401 2012 quod
1435 1938 1574 1988 nomen
1600 1909 1761 1992 cremia
1789 1935 1848 1984 aut

436 2015 671 2093 Czechomm
698 2015 846 2102 referat,
871 2043 923 2090 nae
951 2013 1265 2118 argumentatione
1293 2017 1359 2091 bac
1384 2011 1572 2118 quidpiam
1598 2010 1715 2090 certius
1739 2035 1844 2109 atque

437 2115 659 2208 evidentius,
681 2142 790 2216 rquam
821 2114 923 2217 quod
943 2115 1029 2192 nulli
1058 2113 1160 2192 alteri
1179 2141 1284 2216 quam
1301 2117 1454 2192 Czecbo
1477 2141 1547 2190 mm
1566 2111 1722 2192 Czecbia
1741 2137 1841 2211 quam

435 2218 578 2296 Czeclti
603 2244 756 2322 etymon
781 2218 878 2310 sunm
905 2217 1070 2296 debeant.
1147 2217 1216 2293 Sed
1244 2217 1331 2318 quid
1349 2215 1405 2310 ajo
1429 2240 1463 2294 te
1484 2215 1669 2302 Cinnurno
1690 2211 1846 2289 vetullius

400 2407 402 2410 ,
434 2319 695 2396 documentum
714 2317 901 2398 detexisse-l
929 2319 1009 2395 sane
1029 2315 1211 2418 utriusque
1227 2317 1717 2422 (bocpuragraphoprolati)
1737 2343 1850 2393 manu-

290 2425 292 2440 '
433 2419 558 2527 scripti
588 2421 753 2498 dialedus
776 2419 973 2514 Boemica,
1001 2444 1078 2497 utut
1103 2446 1202 2496 vetus
1226 2447 1245 2495 a
1269 2445 1303 2494 te
1322 2421 1553 2523 predicatur,
1579 2419 1752 2497 Cinnami
1783 2443 1848 2494 utt-

376 2587 379 2594 ,
435 2547 512 2602 rem
529 2521 679 2601 minime
700 2521 855 2626 attingit.
915 2525 1005 2598 Non
1022 2546 1057 2598 te
1078 2522 1161 2596 latet
1187 2522 1247 2597 Vir
1265 2522 1322 2598 CL
1351 2523 1444 2598 baud
1464 2523 1580 2622 aliqua
1604 2549 1642 2598 re
1661 2521 1775 2698 mapis
1795 2521 1851 2595 de

433 2624 554 2702 ledari
572 2623 762 2730 ingenium
779 2651 917 2715 meum,
936 2647 1041 2722 quam
1064 2645 1383 2698 monumentorum
1408 2623 1605 2726 putriopum
1624 2649 1709 2700 veru
1743 2622 1850 2697 iorum

434 2723 575 2814 studio,
602 2728 695 2804 adeo
716 2749 773 2820 ut,
798 2724 825 2801 fi
848 2751 995 2801 conatus
1017 2750 1116 2802 meos
1138 2723 1308 2799 minimos
1327 2723 1403 2802 Viri
1421 2717 1547 2804 summi
1572 2723 1694 2800 ardori
1711 2724 1881 2800 confer-2

434 2854 476 2922 re
493 2827 595 2924 licet,
616 2855 695 2908 non
711 2827 879 2906 diffitear:
907 2824 1054 2928 genium
1074 2824 1160 2902 mihi
1178 2851 1256 2901 non
1276 2825 1469 2904 absimilem
1486 2825 1558 2904 elle
1575 2825 1687 2930 genio
1704 2819 1848 2900 llluslris·

434 2929 513 3008 fimi
538 2955 580 3008 ac
596 2925 881 3008 Excellentillimi
898 2925 1389 3032 EpiscopiLitomericensrs‚
1414 2927 1471 3003 cui
1491 2953 1544 3004 tes
1564 2925 1604 3004 in
1625 2923 1848 3030 proverbium
1907 3017 1908 3020 Ἴ

436 3029 550 3109 abiit:
577 3035 715 3107 Nnmus
739 3055 865 3122 vetus,
893 3029 1029 3119 codex,
1057 3029 1198 3106 aliudue
1232 3027 1386 3130 priscum
1420 3027 1576 3132 patrium
1603 3030 1850 3106 documentum
1906 3049 1908 3110 1

438 3159 589 3210 ornnem
606 3157 754 3234 operam
779 3139 814 3206 δι
830 3129 984 3232 pretium
1005 3129 1195 3206 excedunt
1248 3131 1402 3207 Oretum
1425 3157 1460 3208 te
1485 3127 1605 3228 imque
1627 3130 1794 3226 majorem
1817 3128 1851 3200 in

387 3281 390 3288 ·
437 3231 589 3312 modum
608 3240 808 3336 cuperem‚'
823 3257 861 3306 nr
876 3231 1060 3306 archivum
1086 3231 1143 3305 seu
1163 3227 1421 3308 bibliothecam
1447 3229 1604 3325 indices,
1629 3231 1668 3308 in
1689 3257 1762 3332 quo
1782 3229 1851 3304 boc

436 3333 681 3440 pervetustum
697 3333 906 3410 Stoffianum
935 3331 1208 3408 instrumentum
1237 3331 1376 3409 duobus
1399 3331 1521 3438 sigillis
1542 3335 1721 3410 munitum
1747 3333 1853 3407 serre·

439 3463 509 3516 tur.
571 3441 670 3515 Nam'
686 3439 772 3514 ultra
792 3434 1003 3537 profitentu
1022 3437 1153 3510 Srcnlo
1172 3435 1234 3509 Xl.
1258 3451 1428 3532 annoque
1449 3448 1558 3522 1081·
1582 3437 1722 3512 nullum
1747 3435 1854 3510 bade·

437 3567 505 3622 nus
534 3538 572 3618 in
590 3537 752 3618 manibus
766 3533 857 3616 meis
875 3535 943 3614 else
968 3534 1120 3639 sigillum
1148 3535 1344 3612 nobilitatis
1363 3536 1564 3614 Bohemicae
1585 3535 1682 3630 inter
1706 3536 1798 3611 illam
1818 3531 1852 3607 st·

439 3640 613 3748 gillorum
639 3665 801 3717 veterum
826 3665 944 3742 prope
971 3638 1194 3740 myriadem,
1221 3661 1325 3736 quam
1353 3639 1397 3714 ab
1417 3637 1517 3714 annis
1543 3635 1742 3714 duodecim
1759 3635 1853 3714 colli·
1905 3703 1907 3716 r

409 3835 414 3842 Ι
472 3769 511 3819 o.
559 3741 740 3818 Familiam
762 3738 800 3816 id
820 3736 1015 3837 aliqnando
1037 3739 1074 3814 in
1095 3738 1290 3814 Annalibus
1319 3737 1406 3814 meis
1431 3737 1649 3842 Hagecianis
1674 3738 1772 3816 inter
1793 3761 1853 3813 no
1905 3735 1907 3806 l

397 3836 400 3844 ¹
440 3771 584 3921 silanis
609 3840 734 3920 nollrae
755 3839 889 3918 vetusta
906 3863 1118 3916 ornamenta
1138 3838 1362 3942 insigniaque
1380 3840 1496 3916 ducet.
1566 3845 1711 3934 Hures,
1742 3850 1854 3918 &tn-
1905 3807 1907 3888 l

349 3955 353 3962 '
441 3935 630 4052 gilersaris
652 3944 771 4020 locum
790 3938 878 4018 milti
910 3937 1093 4018 indicate?
1119 3923 1205 4045 ligo
1221 3968 1309 4018 vero
1335 3941 1403 4018 tibi
1423 3941 1641 4043 [adurique
1667 3941 1855 4024 ostendam,

441 4071 520 4164 quo
546 4047 632 4124 loco
657 4041 857 4133 delitescat,
884 4049 919 4118 δι
938 4067 1043 4141 quam
1066 4068 1162 4122 nova
1188 4043 1455 4144 execranduque
1477 4045 1613 4120 rursum
1640 4042 1771 4120 fraude
1787 4038 1856 4116 usus

443 4152 485 4228 ltt
504 4145 649 4227 Lucifer
667 4169 765 4239 tuus,
789 4142 852 4246 qui
874 4143 946 4220 ltocc
965 4145 1074 4221 verba
1100 4171 1146 4222 ex
1163 4145 1267 4247 prelo
1286 4167 1371 4222 ante
1388 4147 1548 4222 seculum
1567 4146 1654 4223 dato
1682 4143 1779 4222 ldno
1803 4167 1858 4216 ex·

1728 4241 1813 4322 scri·
