<?xml version="1.0" encoding="UTF-8"?>
<!DOCTYPE html PUBLIC "-//W3C//DTD XHTML 1.0 Transitional//EN"
    "http://www.w3.org/TR/xhtml1/DTD/xhtml1-transitional.dtd">
<html xmlns="http://www.w3.org/1999/xhtml" xml:lang="en" lang="en">
 <head>
  <title>
</title>
<meta http-equiv="Content-Type" content="text/html;charset=utf-8" />
  <meta name='ocr-system' content='tesseract 3.04.00' />
  <meta name='ocr-capabilities' content='ocr_page ocr_carea ocr_par ocr_line ocrx_word'/>
</head>
<body>
  <div class='ocr_page' id='page_1' title='image "./gelasiidobneras00dobngoog_0206.png"; bbox 0 0 3902 4830; ppageno 0'>
   <div class='ocr_carea' id='block_1_1' title="bbox 295 224 1311 372">
    <p class='ocr_par' dir='ltr' id='par_1_1' title="bbox 295 224 1311 372">
     <span class='ocr_line' id='line_1_1' title="bbox 295 224 1311 372; baseline -0.01 -19"><span class='ocrx_word' id='word_1_1' title='bbox 295 272 297 280; x_wconf 80' lang='grc'><strong>’</strong></span> <span class='ocrx_word' id='word_1_2' title='bbox 412 277 485 362; x_wconf 80' lang='lat' dir='ltr'>rao</span> <span class='ocrx_word' id='word_1_3' title='bbox 804 301 814 316; x_wconf 95' lang='lat'><strong>·</strong></span> <span class='ocrx_word' id='word_1_4' title='bbox 928 224 1311 372; x_wconf 48' lang='grc' dir='ltr'>(ἶοὶιῐῑιῐιιῆῑιοι</span> 
     </span>
    </p>
   </div>
   <div class='ocr_carea' id='block_1_2' title="bbox 172 407 1950 4224">
    <p class='ocr_par' dir='ltr' id='par_1_2' title="bbox 172 407 1830 1211">
     <span class='ocr_line' id='line_1_2' title="bbox 172 407 1826 518; baseline -0.006 -25"><span class='ocrx_word' id='word_1_5' title='bbox 172 417 331 496; x_wconf 73' lang='lat' dir='ltr'>nutura</span> <span class='ocrx_word' id='word_1_6' title='bbox 409 440 457 492; x_wconf 90' lang='lat' dir='ltr'>ne</span> <span class='ocrx_word' id='word_1_7' title='bbox 478 409 622 492; x_wconf 73' lang='lat' dir='ltr'>cireen</span> <span class='ocrx_word' id='word_1_8' title='bbox 638 409 849 490; x_wconf 71' lang='lat' dir='ltr'>Sauromatae</span> <span class='ocrx_word' id='word_1_9' title='bbox 864 409 958 504; x_wconf 86' lang='lat' dir='ltr'>sunt,</span> <span class='ocrx_word' id='word_1_10' title='bbox 985 409 1048 511; x_wconf 89' lang='lat' dir='ltr'>qui</span> <span class='ocrx_word' id='word_1_11' title='bbox 1066 435 1159 514; x_wconf 84' lang='lat' dir='ltr'>ergo</span> <span class='ocrx_word' id='word_1_12' title='bbox 1182 409 1350 490; x_wconf 72' lang='lat' dir='ltr'>Tartari!</span> <span class='ocrx_word' id='word_1_13' title='bbox 1376 407 1452 511; x_wconf 85' lang='lat' dir='ltr'>quis</span> <span class='ocrx_word' id='word_1_14' title='bbox 1471 432 1631 512; x_wconf 86' lang='lat' dir='ltr'>unquam</span> <span class='ocrx_word' id='word_1_15' title='bbox 1649 407 1826 518; x_wconf 83' lang='lat' dir='ltr'>Geogra.</span> 
     </span>
     <span class='ocr_line' id='line_1_3' title="bbox 409 511 1828 618; baseline 0.002 -26"><span class='ocrx_word' id='word_1_16' title='bbox 409 518 569 618; x_wconf 87' lang='lat' dir='ltr'>phorum</span> <span class='ocrx_word' id='word_1_17' title='bbox 587 538 648 610; x_wconf 74' lang='lat' dir='ltr'>out</span> <span class='ocrx_word' id='word_1_18' title='bbox 664 511 926 590; x_wconf 85' lang='lat' dir='ltr'>Historicotunt</span> <span class='ocrx_word' id='word_1_19' title='bbox 945 514 1133 604; x_wconf 87' lang='lat' dir='ltr'>Tartaros,</span> <span class='ocrx_word' id='word_1_20' title='bbox 1163 512 1220 586; x_wconf 84' lang='lat' dir='ltr'>seu</span> <span class='ocrx_word' id='word_1_21' title='bbox 1237 515 1428 588; x_wconf 84' lang='lat' dir='ltr'>Tocharos</span> <span class='ocrx_word' id='word_1_22' title='bbox 1453 511 1516 587; x_wconf 84' lang='lat' dir='ltr'>sub</span> <span class='ocrx_word' id='word_1_23' title='bbox 1540 517 1828 595; x_wconf 72' lang='lat' dir='ltr'>Sauromatarum</span> 
     </span>
     <span class='ocr_line' id='line_1_4' title="bbox 410 608 1829 722; baseline 0.003 -30"><span class='ocrx_word' id='word_1_24' title='bbox 410 616 562 692; x_wconf 89' lang='lat' dir='ltr'>nomine</span> <span class='ocrx_word' id='word_1_25' title='bbox 586 613 745 692; x_wconf 68' lang='lat' dir='ltr'>censuit}</span> <span class='ocrx_word' id='word_1_26' title='bbox 771 637 816 688; x_wconf 85' lang='lat' dir='ltr'>on</span> <span class='ocrx_word' id='word_1_27' title='bbox 834 637 912 688; x_wconf 88' lang='lat' dir='ltr'>nott</span> <span class='ocrx_word' id='word_1_28' title='bbox 929 611 1083 703; x_wconf 83' lang='lat' dir='ltr'>Str-ubo,</span> <span class='ocrx_word' id='word_1_29' title='bbox 1109 608 1278 688; x_wconf 84' lang='lat' dir='ltr'>Claudius</span> <span class='ocrx_word' id='word_1_30' title='bbox 1303 613 1527 716; x_wconf 67' lang='lat' dir='ltr'>Ptolemaeus,</span> <span class='ocrx_word' id='word_1_31' title='bbox 1552 611 1684 691; x_wconf 75' lang='lat' dir='ltr'>Plinius</span> <span class='ocrx_word' id='word_1_32' title='bbox 1712 617 1829 722; x_wconf 84' lang='lat' dir='ltr'>longe</span> 
     </span>
     <span class='ocr_line' id='line_1_5' title="bbox 411 709 1829 815; baseline 0.003 -23"><span class='ocrx_word' id='word_1_33' title='bbox 411 719 501 794; x_wconf 90' lang='lat' dir='ltr'>ultra</span> <span class='ocrx_word' id='word_1_34' title='bbox 517 709 721 792; x_wconf 74' lang='lat' dir='ltr'>Sarmatiam</span> <span class='ocrx_word' id='word_1_35' title='bbox 741 712 928 790; x_wconf 74' lang='lat' dir='ltr'>abbatisam</span> <span class='ocrx_word' id='word_1_36' title='bbox 957 709 1035 787; x_wconf 87' lang='lat' dir='ltr'>illos</span> <span class='ocrx_word' id='word_1_37' title='bbox 1056 709 1149 787; x_wconf 91' lang='lat' dir='ltr'>inter</span> <span class='ocrx_word' id='word_1_38' title='bbox 1164 713 1310 813; x_wconf 84' lang='lat' dir='ltr'>Scythas</span> <span class='ocrx_word' id='word_1_39' title='bbox 1330 714 1593 815; x_wconf 85' lang='lat' dir='ltr'>Hyperboreos</span> <span class='ocrx_word' id='word_1_40' title='bbox 1617 715 1829 798; x_wconf 64' lang='lat' dir='ltr'>recensent}</span> 
     </span>
     <span class='ocr_line' id='line_1_6' title="bbox 407 811 1828 918; baseline 0.001 -26"><span class='ocrx_word' id='word_1_41' title='bbox 407 841 452 892; x_wconf 84' lang='lat' dir='ltr'>an</span> <span class='ocrx_word' id='word_1_42' title='bbox 474 842 550 894; x_wconf 90' lang='lat' dir='ltr'>non</span> <span class='ocrx_word' id='word_1_43' title='bbox 574 839 611 891; x_wconf 90' lang='lat' dir='ltr'>tu</span> <span class='ocrx_word' id='word_1_44' title='bbox 637 815 712 918; x_wconf 84' lang='lat' dir='ltr'>ipse</span> <span class='ocrx_word' id='word_1_45' title='bbox 734 837 836 894; x_wconf 83' lang='lat' dir='ltr'>antea</span> <span class='ocrx_word' id='word_1_46' title='bbox 861 811 1009 912; x_wconf 77' lang='lat' dir='ltr'>integris</span> <span class='ocrx_word' id='word_1_47' title='bbox 1038 811 1177 912; x_wconf 80' lang='lat' dir='ltr'>paginis</span> <span class='ocrx_word' id='word_1_48' title='bbox 1203 811 1459 914; x_wconf 83' lang='lat' dir='ltr'>propugnulli,</span> <span class='ocrx_word' id='word_1_49' title='bbox 1490 838 1558 915; x_wconf 88' lang='lat' dir='ltr'>per</span> <span class='ocrx_word' id='word_1_50' title='bbox 1573 815 1745 892; x_wconf 79' lang='lat' dir='ltr'>Sarmatas</span> <span class='ocrx_word' id='word_1_51' title='bbox 1763 819 1828 918; x_wconf 31' lang='lat' dir='ltr'>,in-</span> 
     </span>
     <span class='ocr_line' id='line_1_7' title="bbox 405 911 1829 1022; baseline 0.001 -29"><span class='ocrx_word' id='word_1_52' title='bbox 405 916 521 1022; x_wconf 86' lang='lat' dir='ltr'>telligi</span> <span class='ocrx_word' id='word_1_53' title='bbox 541 917 691 994; x_wconf 73' lang='lat' dir='ltr'>Slavosl</span> <span class='ocrx_word' id='word_1_54' title='bbox 716 923 821 1004; x_wconf 82' lang='lat' dir='ltr'>Nurac,</span> <span class='ocrx_word' id='word_1_55' title='bbox 845 911 893 987; x_wconf 82' lang='lat' dir='ltr'>ait</span> <span class='ocrx_word' id='word_1_56' title='bbox 909 913 1164 1004; x_wconf 83' lang='lat' dir='ltr'>Leunclavius,</span> <span class='ocrx_word' id='word_1_57' title='bbox 1193 913 1324 988; x_wconf 76' lang='lat' dir='ltr'>‘l&#39;artarr&#39;</span> <span class='ocrx_word' id='word_1_58' title='bbox 1345 935 1516 1004; x_wconf 72' lang='lat' dir='ltr'>curamur,</span> <span class='ocrx_word' id='word_1_59' title='bbox 1541 935 1651 1012; x_wconf 87' lang='lat' dir='ltr'>utque</span> <span class='ocrx_word' id='word_1_60' title='bbox 1677 914 1829 994; x_wconf 59' lang='lat' dir='ltr'>istud‘tl&#39;·</span> 
     </span>
     <span class='ocr_line' id='line_1_8' title="bbox 404 1009 1828 1118; baseline 0.001 -24"><span class='ocrx_word' id='word_1_61' title='bbox 404 1016 442 1094; x_wconf 90' lang='lat' dir='ltr'>bi</span> <span class='ocrx_word' id='word_1_62' title='bbox 461 1013 650 1103; x_wconf 89' lang='lat' dir='ltr'>concedo,</span> <span class='ocrx_word' id='word_1_63' title='bbox 677 1012 842 1092; x_wconf 89' lang='lat' dir='ltr'>concedo</span> <span class='ocrx_word' id='word_1_64' title='bbox 859 1009 927 1089; x_wconf 90' lang='lat' dir='ltr'>tibi</span> <span class='ocrx_word' id='word_1_65' title='bbox 949 1010 1075 1100; x_wconf 81' lang='lat' dir='ltr'>etiam,</span> <span class='ocrx_word' id='word_1_66' title='bbox 1100 1017 1136 1086; x_wconf 79' lang='lat' dir='ltr'>dr</span> <span class='ocrx_word' id='word_1_67' title='bbox 1149 1011 1329 1087; x_wconf 73' lang='lat' dir='ltr'>subscribo</span> <span class='ocrx_word' id='word_1_68' title='bbox 1347 1010 1558 1090; x_wconf 77' lang='lat' dir='ltr'>Clutorium</span> <span class='ocrx_word' id='word_1_69' title='bbox 1574 1019 1612 1089; x_wconf 78' lang='grc' dir='ltr'>δι</span> <span class='ocrx_word' id='word_1_70' title='bbox 1626 1017 1828 1118; x_wconf 84' lang='lat' dir='ltr'>llayslrium</span> 
     </span>
     <span class='ocr_line' id='line_1_9' title="bbox 404 1110 1830 1211; baseline 0.006 -21"><span class='ocrx_word' id='word_1_71' title='bbox 404 1125 501 1194; x_wconf 72' lang='lat' dir='ltr'>reete</span> <span class='ocrx_word' id='word_1_72' title='bbox 519 1114 698 1194; x_wconf 80' lang='lat' dir='ltr'>Circullos</span> <span class='ocrx_word' id='word_1_73' title='bbox 720 1112 879 1194; x_wconf 79' lang='lat' dir='ltr'>&#39;sartoris</span> <span class='ocrx_word' id='word_1_74' title='bbox 906 1110 1112 1188; x_wconf 77' lang='lat' dir='ltr'>recensuisse</span> <span class='ocrx_word' id='word_1_75' title='bbox 1131 1141 1139 1186; x_wconf 80' lang='lat' dir='ltr'>r</span> <span class='ocrx_word' id='word_1_76' title='bbox 1167 1117 1228 1188; x_wconf 79' lang='lat' dir='ltr'>An</span> <span class='ocrx_word' id='word_1_77' title='bbox 1251 1134 1370 1193; x_wconf 84' lang='lat' dir='ltr'>tamen</span> <span class='ocrx_word' id='word_1_78' title='bbox 1392 1110 1550 1211; x_wconf 86' lang='lat' dir='ltr'>sequitur</span> <span class='ocrx_word' id='word_1_79' title='bbox 1574 1115 1765 1193; x_wconf 74' lang='lat' dir='ltr'>roseriam</span> <span class='ocrx_word' id='word_1_80' title='bbox 1787 1146 1830 1198; x_wconf 84' lang='lat' dir='ltr'>re</span> 
     </span>
    </p>

    <p class='ocr_par' dir='ltr' id='par_1_3' title="bbox 323 1209 1897 1418">
     <span class='ocr_line' id='line_1_10' title="bbox 323 1209 1829 1327; baseline -0.001 -38"><span class='ocrx_word' id='word_1_81' title='bbox 323 1291 326 1298; x_wconf 17' lang='lat' dir='ltr'>y</span> <span class='ocrx_word' id='word_1_82' title='bbox 406 1213 480 1318; x_wconf 88' lang='lat' dir='ltr'>ipsu</span> <span class='ocrx_word' id='word_1_83' title='bbox 505 1241 636 1316; x_wconf 85' lang='lat' dir='ltr'>nempe</span> <span class='ocrx_word' id='word_1_84' title='bbox 656 1219 846 1317; x_wconf 78' lang='lat' dir='ltr'>genere&amp;</span> <span class='ocrx_word' id='word_1_85' title='bbox 860 1210 986 1314; x_wconf 81' lang='lat' dir='ltr'>lingua</span> <span class='ocrx_word' id='word_1_86' title='bbox 1002 1213 1174 1286; x_wconf 76' lang='lat' dir='ltr'>Tamaros</span> <span class='ocrx_word' id='word_1_87' title='bbox 1199 1209 1298 1288; x_wconf 72' lang='lat' dir='ltr'>effer</span> <span class='ocrx_word' id='word_1_88' title='bbox 1325 1213 1445 1288; x_wconf 82' lang='lat' dir='ltr'>Habes</span> <span class='ocrx_word' id='word_1_89' title='bbox 1463 1235 1553 1290; x_wconf 83' lang='lat' dir='ltr'>mox</span> <span class='ocrx_word' id='word_1_90' title='bbox 1576 1212 1678 1327; x_wconf 86' lang='lat' dir='ltr'>supro</span> <span class='ocrx_word' id='word_1_91' title='bbox 1703 1243 1829 1295; x_wconf 83' lang='lat' dir='ltr'>errem..</span> 
     </span>
     <span class='ocr_line' id='line_1_11' title="bbox 406 1309 1897 1418; baseline 0.005 -28"><span class='ocrx_word' id='word_1_92' title='bbox 406 1318 506 1418; x_wconf 90' lang='lat' dir='ltr'>plum</span> <span class='ocrx_word' id='word_1_93' title='bbox 533 1315 580 1393; x_wconf 91' lang='lat' dir='ltr'>de</span> <span class='ocrx_word' id='word_1_94' title='bbox 602 1314 826 1404; x_wconf 85' lang='lat' dir='ltr'>Germanis,</span> <span class='ocrx_word' id='word_1_95' title='bbox 854 1313 959 1388; x_wconf 88' lang='lat' dir='ltr'>babes</span> <span class='ocrx_word' id='word_1_96' title='bbox 994 1309 1039 1385; x_wconf 91' lang='lat' dir='ltr'>de</span> <span class='ocrx_word' id='word_1_97' title='bbox 1067 1311 1276 1403; x_wconf 71' lang='lat' dir='ltr'>durbonis,</span> <span class='ocrx_word' id='word_1_98' title='bbox 1309 1311 1335 1388; x_wconf 85' lang='lat' dir='ltr'>li</span> <span class='ocrx_word' id='word_1_99' title='bbox 1364 1311 1508 1393; x_wconf 83' lang='lat' dir='ltr'>tertium</span> <span class='ocrx_word' id='word_1_100' title='bbox 1535 1339 1661 1416; x_wconf 80' lang='lat' dir='ltr'>cupre,</span> <span class='ocrx_word' id='word_1_101' title='bbox 1690 1317 1829 1396; x_wconf 80' lang='lat' dir='ltr'>babests</span> <span class='ocrx_word' id='word_1_102' title='bbox 1892 1365 1897 1370; x_wconf 95' lang='lat'>-</span> 
     </span>
    </p>

    <p class='ocr_par' dir='ltr' id='par_1_4' title="bbox 316 1410 1830 1813">
     <span class='ocr_line' id='line_1_12' title="bbox 316 1410 1828 1515; baseline 0.003 -24"><span class='ocrx_word' id='word_1_103' title='bbox 316 1501 318 1506; x_wconf 66' lang='lat'>,</span> <span class='ocrx_word' id='word_1_104' title='bbox 405 1415 451 1494; x_wconf 90' lang='lat' dir='ltr'>de</span> <span class='ocrx_word' id='word_1_105' title='bbox 468 1415 601 1510; x_wconf 83' lang='lat' dir='ltr'>Gallis,</span> <span class='ocrx_word' id='word_1_106' title='bbox 628 1415 653 1492; x_wconf 81' lang='lat' dir='ltr'><strong>fi</strong></span> <span class='ocrx_word' id='word_1_107' title='bbox 678 1437 862 1514; x_wconf 86' lang='lat' dir='ltr'>quartum,</span> <span class='ocrx_word' id='word_1_108' title='bbox 891 1411 937 1486; x_wconf 85' lang='lat' dir='ltr'>de</span> <span class='ocrx_word' id='word_1_109' title='bbox 953 1410 1081 1487; x_wconf 86' lang='lat' dir='ltr'>Turcis</span> <span class='ocrx_word' id='word_1_110' title='bbox 1104 1441 1112 1484; x_wconf 90' lang='lat'>:</span> <span class='ocrx_word' id='word_1_111' title='bbox 1141 1435 1185 1486; x_wconf 86' lang='lat' dir='ltr'>an</span> <span class='ocrx_word' id='word_1_112' title='bbox 1207 1437 1352 1502; x_wconf 80' lang='lat' dir='ltr'>omnes,</span> <span class='ocrx_word' id='word_1_113' title='bbox 1369 1411 1431 1512; x_wconf 81' lang='lat' dir='ltr'>qui</span> <span class='ocrx_word' id='word_1_114' title='bbox 1451 1413 1740 1515; x_wconf 85' lang='lat' dir='ltr'>Germanorum,</span> <span class='ocrx_word' id='word_1_115' title='bbox 1756 1425 1828 1495; x_wconf 68' lang='lat' dir='ltr'>llu-¹</span> 
     </span>
     <span class='ocr_line' id='line_1_13' title="bbox 405 1512 1830 1614; baseline 0 -20"><span class='ocrx_word' id='word_1_116' title='bbox 405 1518 622 1608; x_wconf 82' lang='lat' dir='ltr'>rhemorum,</span> <span class='ocrx_word' id='word_1_117' title='bbox 647 1517 857 1605; x_wconf 78' lang='lat' dir='ltr'>Gallorum,</span> <span class='ocrx_word' id='word_1_118' title='bbox 883 1515 1155 1610; x_wconf 76' lang='lat' dir='ltr'>Tuscorumque</span> <span class='ocrx_word' id='word_1_119' title='bbox 1172 1512 1361 1586; x_wconf 78' lang='lat' dir='ltr'>censentur</span> <span class='ocrx_word' id='word_1_120' title='bbox 1379 1512 1737 1614; x_wconf 80' lang='lat' dir='ltr'>nomineGerman&#39;t,</span> <span class='ocrx_word' id='word_1_121' title='bbox 1755 1525 1830 1596; x_wconf 84' lang='lat' dir='ltr'>ttu-</span> 
     </span>
     <span class='ocr_line' id='line_1_14' title="bbox 404 1609 1829 1716; baseline 0.003 -24"><span class='ocrx_word' id='word_1_122' title='bbox 404 1616 527 1710; x_wconf 87' lang='lat' dir='ltr'>therti,</span> <span class='ocrx_word' id='word_1_123' title='bbox 554 1615 677 1710; x_wconf 85' lang='lat' dir='ltr'>Galli,</span> <span class='ocrx_word' id='word_1_124' title='bbox 702 1618 901 1714; x_wconf 80' lang='lat' dir='ltr'>Turcaeqtte</span> <span class='ocrx_word' id='word_1_125' title='bbox 919 1613 1027 1687; x_wconf 66' lang='lat' dir='ltr'>sunt}</span> <span class='ocrx_word' id='word_1_126' title='bbox 1067 1614 1115 1716; x_wconf 27' lang='lat' dir='ltr'>&#39;Et</span> <span class='ocrx_word' id='word_1_127' title='bbox 1140 1609 1226 1710; x_wconf 86' lang='lat' dir='ltr'>quid</span> <span class='ocrx_word' id='word_1_128' title='bbox 1246 1610 1271 1686; x_wconf 90' lang='lat' dir='ltr'>li</span> <span class='ocrx_word' id='word_1_129' title='bbox 1300 1610 1451 1714; x_wconf 83' lang='lat' dir='ltr'>amplius</span> <span class='ocrx_word' id='word_1_130' title='bbox 1478 1611 1544 1690; x_wconf 84' lang='lat' dir='ltr'>tibi</span> <span class='ocrx_word' id='word_1_131' title='bbox 1562 1619 1730 1694; x_wconf 88' lang='lat' dir='ltr'>concedo</span> <span class='ocrx_word' id='word_1_132' title='bbox 1757 1618 1829 1715; x_wconf 85' lang='lat' dir='ltr'>jum</span> 
     </span>
     <span class='ocr_line' id='line_1_15' title="bbox 402 1710 1830 1813; baseline 0.001 -18"><span class='ocrx_word' id='word_1_133' title='bbox 402 1743 528 1795; x_wconf 86' lang='lat' dir='ltr'>omnes</span> <span class='ocrx_word' id='word_1_134' title='bbox 549 1713 726 1795; x_wconf 80' lang='lat' dir='ltr'>Circallos</span> <span class='ocrx_word' id='word_1_135' title='bbox 746 1713 836 1790; x_wconf 88' lang='lat' dir='ltr'>intus</span> <span class='ocrx_word' id='word_1_136' title='bbox 857 1721 892 1790; x_wconf 80' lang='lat' dir='ltr'>dc</span> <span class='ocrx_word' id='word_1_137' title='bbox 913 1711 948 1786; x_wconf 89' lang='lat' dir='ltr'>in</span> <span class='ocrx_word' id='word_1_138' title='bbox 972 1735 1052 1786; x_wconf 87' lang='lat' dir='ltr'>cute</span> <span class='ocrx_word' id='word_1_139' title='bbox 1073 1710 1141 1785; x_wconf 85' lang='lat' dir='ltr'>elle</span> <span class='ocrx_word' id='word_1_140' title='bbox 1160 1715 1347 1803; x_wconf 78' lang='lat' dir='ltr'>Testatos,</span> <span class='ocrx_word' id='word_1_141' title='bbox 1372 1738 1418 1788; x_wconf 86' lang='lat' dir='ltr'>att</span> <span class='ocrx_word' id='word_1_142' title='bbox 1442 1713 1598 1813; x_wconf 85' lang='lat' dir='ltr'>sequitur</span> <span class='ocrx_word' id='word_1_143' title='bbox 1616 1719 1765 1812; x_wconf 77' lang='lat' dir='ltr'>maiores</span> <span class='ocrx_word' id='word_1_144' title='bbox 1782 1722 1830 1796; x_wconf 90' lang='lat' dir='ltr'>il-</span> 
     </span>
    </p>

    <p class='ocr_par' dir='ltr' id='par_1_5' title="bbox 351 1809 1830 1916">
     <span class='ocr_line' id='line_1_16' title="bbox 351 1809 1830 1916; baseline -0.005 -23"><span class='ocrx_word' id='word_1_145' title='bbox 351 1809 355 1818; x_wconf 77' lang='grc'><strong>’</strong></span> <span class='ocrx_word' id='word_1_146' title='bbox 400 1821 518 1893; x_wconf 92' lang='lat' dir='ltr'>lorum</span> <span class='ocrx_word' id='word_1_147' title='bbox 536 1817 703 1892; x_wconf 88' lang='lat' dir='ltr'>Zecchos</span> <span class='ocrx_word' id='word_1_148' title='bbox 725 1811 880 1908; x_wconf 78' lang='lat' dir='ltr'>ejusdem</span> <span class='ocrx_word' id='word_1_149' title='bbox 898 1810 998 1886; x_wconf 82' lang='lat' dir='ltr'>ftrille</span> <span class='ocrx_word' id='word_1_150' title='bbox 1016 1811 1156 1912; x_wconf 79' lang='lat' dir='ltr'>gemisa</span> <span class='ocrx_word' id='word_1_151' title='bbox 1181 1812 1372 1909; x_wconf 87' lang='lat' dir='ltr'>quomodo</span> <span class='ocrx_word' id='word_1_152' title='bbox 1392 1814 1613 1916; x_wconf 87' lang='lat' dir='ltr'>Pachymere</span> <span class='ocrx_word' id='word_1_153' title='bbox 1628 1818 1713 1893; x_wconf 85' lang='lat' dir='ltr'>telle</span> <span class='ocrx_word' id='word_1_154' title='bbox 1727 1823 1830 1896; x_wconf 81' lang='lat' dir='ltr'>Zac.</span> 
     </span>
    </p>

    <p class='ocr_par' dir='ltr' id='par_1_6' title="bbox 306 1907 1823 2014">
     <span class='ocr_line' id='line_1_17' title="bbox 306 1907 1823 2014; baseline 0.001 -22"><span class='ocrx_word' id='word_1_155' title='bbox 306 1935 309 1940; x_wconf 84' lang='lat'>&#39;</span> <span class='ocrx_word' id='word_1_156' title='bbox 403 1913 464 1993; x_wconf 82' lang='lat' dir='ltr'>chi</span> <span class='ocrx_word' id='word_1_157' title='bbox 481 1920 719 1990; x_wconf 84' lang='lat' dir='ltr'>Tortororum</span> <span class='ocrx_word' id='word_1_158' title='bbox 745 1907 844 1985; x_wconf 74' lang='lat' dir='ltr'>uiues</span> <span class='ocrx_word' id='word_1_159' title='bbox 865 1916 1019 2010; x_wconf 76' lang='lat' dir='ltr'>paularim</span> <span class='ocrx_word' id='word_1_160' title='bbox 1043 1913 1239 2005; x_wconf 76' lang='lat' dir='ltr'>didicerunt,</span> <span class='ocrx_word' id='word_1_161' title='bbox 1261 1910 1307 1988; x_wconf 57' lang='lat' dir='ltr'>El*</span> <span class='ocrx_word' id='word_1_162' title='bbox 1319 1938 1388 1988; x_wconf 80' lang='lat' dir='ltr'>runt</span> <span class='ocrx_word' id='word_1_163' title='bbox 1403 1923 1475 1989; x_wconf 72' lang='lat' dir='ltr'>ut&#39;rae</span> <span class='ocrx_word' id='word_1_164' title='bbox 1494 1916 1543 2012; x_wconf 74' lang='lat' dir='ltr'>ufir</span> <span class='ocrx_word' id='word_1_165' title='bbox 1558 1920 1694 2014; x_wconf 75' lang='lat' dir='ltr'>linguam</span> <span class='ocrx_word' id='word_1_166' title='bbox 1713 1930 1823 2008; x_wconf 69' lang='lat' dir='ltr'>eoum,</span> 
     </span>
    </p>

    <p class='ocr_par' dir='ltr' id='par_1_7' title="bbox 320 2005 1824 2318">
     <span class='ocr_line' id='line_1_18' title="bbox 320 2005 1820 2118; baseline 0 -26"><span class='ocrx_word' id='word_1_167' title='bbox 320 2005 323 2011; x_wconf 68' lang='grc'>’</span> <span class='ocrx_word' id='word_1_168' title='bbox 405 2013 431 2092; x_wconf 75' lang='lat' dir='ltr'>tt</span> <span class='ocrx_word' id='word_1_169' title='bbox 451 2013 608 2108; x_wconf 82' lang='lat' dir='ltr'>eiusdem</span> <span class='ocrx_word' id='word_1_170' title='bbox 634 2010 747 2113; x_wconf 88' lang='lat' dir='ltr'>stirpis</span> <span class='ocrx_word' id='word_1_171' title='bbox 767 2009 911 2085; x_wconf 79' lang='lat' dir='ltr'>fuerunt</span> <span class='ocrx_word' id='word_1_172' title='bbox 928 2015 965 2086; x_wconf 91' lang='lat'>&amp;</span> <span class='ocrx_word' id='word_1_173' title='bbox 983 2007 1135 2111; x_wconf 73' lang='lat' dir='ltr'>linguai</span> <span class='ocrx_word' id='word_1_174' title='bbox 1159 2012 1281 2090; x_wconf 90' lang='lat' dir='ltr'>Tenes</span> <span class='ocrx_word' id='word_1_175' title='bbox 1300 2013 1349 2088; x_wconf 90' lang='lat' dir='ltr'>tni</span> <span class='ocrx_word' id='word_1_176' title='bbox 1369 2011 1510 2090; x_wconf 82' lang='lat' dir='ltr'>Lucifer</span> <span class='ocrx_word' id='word_1_177' title='bbox 1524 2011 1658 2090; x_wconf 83' lang='lat' dir='ltr'>auribus</span> <span class='ocrx_word' id='word_1_178' title='bbox 1679 2019 1820 2118; x_wconf 82' lang='lat' dir='ltr'>lupum,</span> 
     </span>
     <span class='ocr_line' id='line_1_19' title="bbox 406 2109 1824 2214; baseline 0.004 -24"><span class='ocrx_word' id='word_1_179' title='bbox 406 2139 529 2214; x_wconf 82' lang='lat' dir='ltr'>raeque</span> <span class='ocrx_word' id='word_1_180' title='bbox 556 2137 631 2212; x_wconf 84' lang='lat' dir='ltr'>quo</span> <span class='ocrx_word' id='word_1_181' title='bbox 659 2110 816 2202; x_wconf 85' lang='lat' dir='ltr'>arnittas,</span> <span class='ocrx_word' id='word_1_182' title='bbox 834 2135 854 2184; x_wconf 88' lang='lat' dir='ltr'>a</span> <span class='ocrx_word' id='word_1_183' title='bbox 873 2133 910 2185; x_wconf 87' lang='lat' dir='ltr'>te</span> <span class='ocrx_word' id='word_1_184' title='bbox 936 2109 1112 2196; x_wconf 76' lang='lat' dir='ltr'>rutenis,</span> <span class='ocrx_word' id='word_1_185' title='bbox 1141 2135 1262 2211; x_wconf 86' lang='lat' dir='ltr'>neque</span> <span class='ocrx_word' id='word_1_186' title='bbox 1286 2133 1325 2189; x_wconf 90' lang='lat' dir='ltr'>ut</span> <span class='ocrx_word' id='word_1_187' title='bbox 1349 2112 1499 2194; x_wconf 87' lang='lat' dir='ltr'>retineas</span> <span class='ocrx_word' id='word_1_188' title='bbox 1532 2112 1610 2202; x_wconf 80' lang='lat' dir='ltr'>scis.</span> <span class='ocrx_word' id='word_1_189' title='bbox 1635 2118 1824 2195; x_wconf 85' lang='lat' dir='ltr'>lucernam</span> 
     </span>
     <span class='ocr_line' id='line_1_20' title="bbox 405 2208 1652 2318; baseline -0.005 -28"><span class='ocrx_word' id='word_1_190' title='bbox 405 2211 588 2318; x_wconf 85' lang='lat' dir='ltr'>projicere</span> <span class='ocrx_word' id='word_1_191' title='bbox 605 2237 696 2313; x_wconf 82' lang='lat' dir='ltr'>opus</span> <span class='ocrx_word' id='word_1_192' title='bbox 714 2208 780 2287; x_wconf 89' lang='lat' dir='ltr'>erit</span> <span class='ocrx_word' id='word_1_193' title='bbox 786 2257 812 2302; x_wconf 60' lang='lat'>5.</span> <span class='ocrx_word' id='word_1_194' title='bbox 825 2233 862 2284; x_wconf 90' lang='lat' dir='ltr'>ut</span> <span class='ocrx_word' id='word_1_195' title='bbox 880 2209 1014 2288; x_wconf 90' lang='lat' dir='ltr'>firmius</span> <span class='ocrx_word' id='word_1_196' title='bbox 1032 2233 1160 2289; x_wconf 86' lang='lat' dir='ltr'>teneas.</span> <span class='ocrx_word' id='word_1_197' title='bbox 1649 2223 1652 2228; x_wconf 85' lang='lat'>&#39;</span> 
     </span>
    </p>

    <p class='ocr_par' dir='ltr' id='par_1_8' title="bbox 515 2308 1827 2412">
     <span class='ocr_line' id='line_1_21' title="bbox 515 2308 1827 2412; baseline 0.003 -23"><span class='ocrx_word' id='word_1_198' title='bbox 515 2315 561 2391; x_wconf 90' lang='lat'>11.</span> <span class='ocrx_word' id='word_1_199' title='bbox 618 2309 787 2409; x_wconf 83' lang='lat' dir='ltr'>Reliqua,</span> <span class='ocrx_word' id='word_1_200' title='bbox 802 2337 876 2410; x_wconf 79' lang='lat' dir='ltr'>qua</span> <span class='ocrx_word' id='word_1_201' title='bbox 893 2309 996 2408; x_wconf 85' lang='lat' dir='ltr'>supra</span> <span class='ocrx_word' id='word_1_202' title='bbox 1015 2308 1093 2388; x_wconf 81' lang='lat' dir='ltr'>fatis</span> <span class='ocrx_word' id='word_1_203' title='bbox 1115 2310 1305 2388; x_wconf 87' lang='lat' dir='ltr'>authorum</span> <span class='ocrx_word' id='word_1_204' title='bbox 1329 2310 1537 2390; x_wconf 83' lang='lat' dir='ltr'>testimoniis</span> <span class='ocrx_word' id='word_1_205' title='bbox 1556 2311 1712 2412; x_wconf 59' lang='lat' dir='ltr'>subjicis,</span> <span class='ocrx_word' id='word_1_206' title='bbox 1730 2315 1827 2393; x_wconf 87' lang='lat' dir='ltr'>haud</span> 
     </span>
    </p>

    <p class='ocr_par' dir='ltr' id='par_1_9' title="bbox 320 2408 1950 4224">
     <span class='ocr_line' id='line_1_22' title="bbox 320 2408 1943 2513; baseline 0.005 -26"><span class='ocrx_word' id='word_1_207' title='bbox 320 2433 330 2450; x_wconf 92' lang='lat'><strong>·</strong></span> <span class='ocrx_word' id='word_1_208' title='bbox 406 2409 500 2487; x_wconf 83' lang='lat' dir='ltr'>aliud</span> <span class='ocrx_word' id='word_1_209' title='bbox 519 2412 599 2487; x_wconf 87' lang='lat' dir='ltr'>sunt</span> <span class='ocrx_word' id='word_1_210' title='bbox 617 2435 723 2512; x_wconf 86' lang='lat' dir='ltr'>quarn</span> <span class='ocrx_word' id='word_1_211' title='bbox 751 2408 884 2486; x_wconf 87' lang='lat' dir='ltr'>inutilis</span> <span class='ocrx_word' id='word_1_212' title='bbox 905 2437 1022 2488; x_wconf 84' lang='lat' dir='ltr'>rerrtm</span> <span class='ocrx_word' id='word_1_213' title='bbox 1044 2409 1214 2513; x_wconf 82' lang='lat' dir='ltr'>repetitio</span> <span class='ocrx_word' id='word_1_214' title='bbox 1237 2410 1307 2487; x_wconf 85' lang='lat' dir='ltr'>alio</span> <span class='ocrx_word' id='word_1_215' title='bbox 1334 2417 1530 2490; x_wconf 75' lang='lat' dir='ltr'>verborum</span> <span class='ocrx_word' id='word_1_216' title='bbox 1559 2413 1745 2494; x_wconf 84' lang='lat' dir='ltr'>lenocinio</span> <span class='ocrx_word' id='word_1_217' title='bbox 1763 2441 1827 2495; x_wconf 90' lang='lat' dir='ltr'>co·</span> <span class='ocrx_word' id='word_1_218' title='bbox 1937 2429 1943 2446; x_wconf 87' lang='grc'><strong>“</strong></span> 
     </span>
     <span class='ocr_line' id='line_1_23' title="bbox 405 2508 1825 2616; baseline 0.006 -30"><span class='ocrx_word' id='word_1_219' title='bbox 405 2512 537 2603; x_wconf 77' lang='lat' dir='ltr'>loreto,</span> <span class='ocrx_word' id='word_1_220' title='bbox 563 2509 616 2586; x_wconf 88' lang='lat' dir='ltr'>bis</span> <span class='ocrx_word' id='word_1_221' title='bbox 639 2534 740 2589; x_wconf 80' lang='lat' dir='ltr'>terve</span> <span class='ocrx_word' id='word_1_222' title='bbox 757 2508 925 2612; x_wconf 86' lang='lat' dir='ltr'>nimirum</span> <span class='ocrx_word' id='word_1_223' title='bbox 948 2532 1021 2584; x_wconf 87' lang='lat' dir='ltr'>ate</span> <span class='ocrx_word' id='word_1_224' title='bbox 1047 2509 1114 2605; x_wconf 87' lang='lat' dir='ltr'>jam</span> <span class='ocrx_word' id='word_1_225' title='bbox 1133 2511 1214 2586; x_wconf 85' lang='lat' dir='ltr'>alias</span> <span class='ocrx_word' id='word_1_226' title='bbox 1239 2510 1439 2612; x_wconf 68' lang='lat' dir='ltr'>producta,</span> <span class='ocrx_word' id='word_1_227' title='bbox 1467 2540 1575 2616; x_wconf 87' lang='lat' dir='ltr'>atque</span> <span class='ocrx_word' id='word_1_228' title='bbox 1601 2515 1750 2594; x_wconf 78' lang='lat' dir='ltr'>anobis</span> <span class='ocrx_word' id='word_1_229' title='bbox 1767 2545 1825 2595; x_wconf 86' lang='lat' dir='ltr'>ro·</span> 
     </span>
     <span class='ocr_line' id='line_1_24' title="bbox 403 2607 1827 2713; baseline 0.006 -27"><span class='ocrx_word' id='word_1_230' title='bbox 403 2607 530 2687; x_wconf 82' lang='lat' dir='ltr'>dicitur</span> <span class='ocrx_word' id='word_1_231' title='bbox 556 2609 686 2688; x_wconf 84' lang='lat' dir='ltr'>evol-sa.</span> <span class='ocrx_word' id='word_1_232' title='bbox 764 2607 906 2688; x_wconf 86' lang='lat' dir='ltr'>l&#39;ridem</span> <span class='ocrx_word' id='word_1_233' title='bbox 925 2608 1021 2688; x_wconf 87' lang='lat' dir='ltr'>enim</span> <span class='ocrx_word' id='word_1_234' title='bbox 1056 2608 1274 2686; x_wconf 87' lang='lat' dir='ltr'>ostendimus</span> <span class='ocrx_word' id='word_1_235' title='bbox 1307 2611 1429 2691; x_wconf 85' lang='lat' dir='ltr'>frustra</span> <span class='ocrx_word' id='word_1_236' title='bbox 1451 2614 1616 2692; x_wconf 83' lang='lat' dir='ltr'>avicinis</span> <span class='ocrx_word' id='word_1_237' title='bbox 1637 2614 1827 2713; x_wconf 75' lang='lat' dir='ltr'>francicis,</span> 
     </span>
     <span class='ocr_line' id='line_1_25' title="bbox 400 2705 1950 2812; baseline 0.005 -24"><span class='ocrx_word' id='word_1_238' title='bbox 400 2709 669 2811; x_wconf 83' lang='lat' dir='ltr'>Germanisque</span> <span class='ocrx_word' id='word_1_239' title='bbox 688 2707 919 2812; x_wconf 70' lang='lat' dir='ltr'>scriptoribus</span> <span class='ocrx_word' id='word_1_240' title='bbox 932 2705 1261 2808; x_wconf 78' lang='lat' dir='ltr'>repetiZichorum</span> <span class='ocrx_word' id='word_1_241' title='bbox 1277 2735 1335 2790; x_wconf 85' lang='lat' dir='ltr'>our</span> <span class='ocrx_word' id='word_1_242' title='bbox 1353 2714 1584 2794; x_wconf 85' lang='lat' dir='ltr'>Zincltorunt</span> <span class='ocrx_word' id='word_1_243' title='bbox 1602 2719 1828 2811; x_wconf 82' lang='lat' dir='ltr'>memoriam,</span> <span class='ocrx_word' id='word_1_244' title='bbox 1949 2769 1950 2808; x_wconf 64' lang='lat'>1</span> 
     </span>
     <span class='ocr_line' id='line_1_26' title="bbox 401 2808 1889 2914; baseline 0.003 -26"><span class='ocrx_word' id='word_1_245' title='bbox 401 2837 486 2892; x_wconf 83' lang='lat' dir='ltr'>cum</span> <span class='ocrx_word' id='word_1_246' title='bbox 503 2837 550 2886; x_wconf 90' lang='lat' dir='ltr'>ne</span> <span class='ocrx_word' id='word_1_247' title='bbox 568 2809 713 2911; x_wconf 87' lang='lat' dir='ltr'>quidem</span> <span class='ocrx_word' id='word_1_248' title='bbox 738 2808 878 2914; x_wconf 87' lang='lat' dir='ltr'>proprii</span> <span class='ocrx_word' id='word_1_249' title='bbox 900 2809 1003 2913; x_wconf 90' lang='lat' dir='ltr'>patrii</span> <span class='ocrx_word' id='word_1_250' title='bbox 1023 2809 1179 2887; x_wconf 86' lang='lat' dir='ltr'>nominis</span> <span class='ocrx_word' id='word_1_251' title='bbox 1196 2813 1428 2894; x_wconf 84' lang='lat' dir='ltr'>Zeccltotum</span> <span class='ocrx_word' id='word_1_252' title='bbox 1449 2815 1684 2896; x_wconf 84' lang='lat' dir='ltr'>meminerint.</span> <span class='ocrx_word' id='word_1_253' title='bbox 1744 2818 1825 2893; x_wconf 86' lang='lat' dir='ltr'>Pri·</span> <span class='ocrx_word' id='word_1_254' title='bbox 1878 2895 1889 2906; x_wconf 68' lang='grc'>,</span> 
     </span>
     <span class='ocr_line' id='line_1_27' title="bbox 405 2907 1821 3014; baseline 0.005 -28"><span class='ocrx_word' id='word_1_255' title='bbox 405 2912 489 2989; x_wconf 87' lang='lat' dir='ltr'>dent</span> <span class='ocrx_word' id='word_1_256' title='bbox 516 2909 733 2988; x_wconf 81' lang='lat' dir='ltr'>ostendimus</span> <span class='ocrx_word' id='word_1_257' title='bbox 763 2911 857 2991; x_wconf 83' lang='lat' dir='ltr'>hanc</span> <span class='ocrx_word' id='word_1_258' title='bbox 882 2907 1014 2987; x_wconf 85' lang='lat' dir='ltr'>uariant</span> <span class='ocrx_word' id='word_1_259' title='bbox 1030 2912 1291 3004; x_wconf 86' lang='lat' dir='ltr'>Zecclrorum,</span> <span class='ocrx_word' id='word_1_260' title='bbox 1318 2914 1521 2994; x_wconf 88' lang='lat' dir='ltr'>Zichorunt</span> <span class='ocrx_word' id='word_1_261' title='bbox 1538 2975 1552 3014; x_wconf 88' lang='lat'><strong>,</strong></span> <span class='ocrx_word' id='word_1_262' title='bbox 1572 2917 1821 3008; x_wconf 85' lang='lat' dir='ltr'>Zinchotum,</span> 
     </span>
     <span class='ocr_line' id='line_1_28' title="bbox 403 3009 1907 3116; baseline 0.005 -27"><span class='ocrx_word' id='word_1_263' title='bbox 403 3010 696 3110; x_wconf 75' lang='lat' dir='ltr'>Sinohorutnque</span> <span class='ocrx_word' id='word_1_264' title='bbox 721 3009 952 3110; x_wconf 77' lang='lat' dir='ltr'>scriptionem</span> <span class='ocrx_word' id='word_1_265' title='bbox 977 3035 1054 3086; x_wconf 91' lang='lat' dir='ltr'>non</span> <span class='ocrx_word' id='word_1_266' title='bbox 1077 3038 1213 3088; x_wconf 83' lang='lat' dir='ltr'>meram</span> <span class='ocrx_word' id='word_1_267' title='bbox 1239 3013 1307 3088; x_wconf 78' lang='lat' dir='ltr'>elle</span> <span class='ocrx_word' id='word_1_268' title='bbox 1327 3015 1641 3100; x_wconf 83' lang='lat' dir='ltr'>Grammaticoiem</span> <span class='ocrx_word' id='word_1_269' title='bbox 1673 3019 1822 3096; x_wconf 87' lang='lat' dir='ltr'>cerebro</span> <span class='ocrx_word' id='word_1_270' title='bbox 1903 3111 1907 3116; x_wconf 22' lang='lat'>¹</span> 
     </span>
     <span class='ocr_line' id='line_1_29' title="bbox 406 3109 1823 3233; baseline 0.003 -43"><span class='ocrx_word' id='word_1_271' title='bbox 406 3111 532 3190; x_wconf 84' lang='lat' dir='ltr'>nostro</span> <span class='ocrx_word' id='word_1_272' title='bbox 552 3109 981 3216; x_wconf 66' lang='lat' dir='ltr'>effictum&#39;inllexionern,</span> <span class='ocrx_word' id='word_1_273' title='bbox 1005 3109 1191 3211; x_wconf 82' lang='lat' dir='ltr'>causasque</span> <span class='ocrx_word' id='word_1_274' title='bbox 1215 3111 1315 3210; x_wconf 79' lang='lat' dir='ltr'>hujus</span> <span class='ocrx_word' id='word_1_275' title='bbox 1340 3114 1441 3192; x_wconf 82' lang='lat' dir='ltr'>variar</span> <span class='ocrx_word' id='word_1_276' title='bbox 1468 3119 1720 3233; x_wconf 81' lang='lat' dir='ltr'>appellationis</span> <span class='ocrx_word' id='word_1_277' title='bbox 1740 3119 1823 3196; x_wconf 81' lang='lat' dir='ltr'>scri·</span> 
     </span>
     <span class='ocr_line' id='line_1_30' title="bbox 407 3205 1825 3313; baseline 0.008 -30"><span class='ocrx_word' id='word_1_278' title='bbox 407 3205 616 3311; x_wconf 87' lang='lat' dir='ltr'>ptionisque</span> <span class='ocrx_word' id='word_1_279' title='bbox 641 3207 886 3310; x_wconf 81' lang='lat' dir='ltr'>prodidimus,</span> <span class='ocrx_word' id='word_1_280' title='bbox 913 3211 1038 3312; x_wconf 90' lang='lat' dir='ltr'>quibus</span> <span class='ocrx_word' id='word_1_281' title='bbox 1058 3209 1086 3287; x_wconf 87' lang='lat' dir='ltr'>-sr</span> <span class='ocrx_word' id='word_1_282' title='bbox 1102 3209 1257 3287; x_wconf 86' lang='lat' dir='ltr'>necdum</span> <span class='ocrx_word' id='word_1_283' title='bbox 1276 3213 1504 3312; x_wconf 70' lang='lat' dir='ltr'>conuincitur</span> <span class='ocrx_word' id='word_1_284' title='bbox 1523 3223 1716 3298; x_wconf 72' lang='lat' dir='ltr'>rstelleelus</span> <span class='ocrx_word' id='word_1_285' title='bbox 1734 3245 1825 3313; x_wconf 86' lang='lat' dir='ltr'>tuus,</span> 
     </span>
     <span class='ocr_line' id='line_1_31' title="bbox 408 3299 1823 3414; baseline 0.008 -29"><span class='ocrx_word' id='word_1_286' title='bbox 408 3299 513 3390; x_wconf 81' lang='lat' dir='ltr'>etiarn</span> <span class='ocrx_word' id='word_1_287' title='bbox 542 3310 643 3412; x_wconf 88' lang='lat' dir='ltr'>plura</span> <span class='ocrx_word' id='word_1_288' title='bbox 661 3307 931 3408; x_wconf 77' lang='lat' dir='ltr'>valentioraque</span> <span class='ocrx_word' id='word_1_289' title='bbox 956 3309 1078 3386; x_wconf 80' lang='lat' dir='ltr'>habea</span> <span class='ocrx_word' id='word_1_290' title='bbox 1106 3309 1182 3386; x_wconf 89' lang='lat' dir='ltr'>srte</span> <span class='ocrx_word' id='word_1_291' title='bbox 1199 3311 1316 3408; x_wconf 87' lang='lat' dir='ltr'>judice</span> <span class='ocrx_word' id='word_1_292' title='bbox 1334 3317 1554 3414; x_wconf 77' lang='lat' dir='ltr'>geminanda</span> <span class='ocrx_word' id='word_1_293' title='bbox 1572 3320 1650 3396; x_wconf 90' lang='lat' dir='ltr'>sunt</span> <span class='ocrx_word' id='word_1_294' title='bbox 1673 3320 1823 3397; x_wconf 85' lang='lat' dir='ltr'>nomina</span> 
     </span>
     <span class='ocr_line' id='line_1_32' title="bbox 405 3407 1824 3514; baseline 0.001 -30"><span class='ocrx_word' id='word_1_295' title='bbox 405 3407 555 3512; x_wconf 88' lang='lat' dir='ltr'>proptio</span> <span class='ocrx_word' id='word_1_296' title='bbox 580 3407 832 3512; x_wconf 72' lang='lat' dir='ltr'>personarum,</span> <span class='ocrx_word' id='word_1_297' title='bbox 860 3408 1042 3513; x_wconf 84' lang='lat' dir='ltr'>gentium,</span> <span class='ocrx_word' id='word_1_298' title='bbox 1060 3413 1315 3511; x_wconf 81' lang='lat' dir='ltr'>locorumque,</span> <span class='ocrx_word' id='word_1_299' title='bbox 1340 3417 1481 3514; x_wconf 87' lang='lat' dir='ltr'>quoties</span> <span class='ocrx_word' id='word_1_300' title='bbox 1499 3419 1598 3497; x_wconf 82' lang='lat' dir='ltr'>uarie</span> <span class='ocrx_word' id='word_1_301' title='bbox 1616 3421 1746 3497; x_wconf 83' lang='lat' dir='ltr'>inflexu</span> <span class='ocrx_word' id='word_1_302' title='bbox 1762 3422 1824 3497; x_wconf 85' lang='lat' dir='ltr'>de.</span> 
     </span>
     <span class='ocr_line' id='line_1_33' title="bbox 407 3507 1822 3623; baseline 0.007 -37"><span class='ocrx_word' id='word_1_303' title='bbox 407 3535 575 3606; x_wconf 84' lang='lat' dir='ltr'>tortaque</span> <span class='ocrx_word' id='word_1_304' title='bbox 602 3510 698 3612; x_wconf 85' lang='lat' dir='ltr'>apud</span> <span class='ocrx_word' id='word_1_305' title='bbox 725 3508 885 3608; x_wconf 80' lang='lat' dir='ltr'>diuersos</span> <span class='ocrx_word' id='word_1_306' title='bbox 909 3507 1111 3586; x_wconf 86' lang='lat' dir='ltr'>Hilloticos</span> <span class='ocrx_word' id='word_1_307' title='bbox 1128 3511 1453 3616; x_wconf 80' lang='lat' dir='ltr'>Geogrophosque</span> <span class='ocrx_word' id='word_1_308' title='bbox 1477 3521 1679 3623; x_wconf 85' lang='lat' dir='ltr'>leguntur,</span> <span class='ocrx_word' id='word_1_309' title='bbox 1705 3547 1758 3598; x_wconf 72' lang='lat' dir='ltr'>na</span> <span class='ocrx_word' id='word_1_310' title='bbox 1782 3544 1822 3598; x_wconf 91' lang='lat' dir='ltr'>tu</span> 
     </span>
     <span class='ocr_line' id='line_1_34' title="bbox 405 3612 1821 3714; baseline 0.011 -32"><span class='ocrx_word' id='word_1_311' title='bbox 405 3635 479 3712; x_wconf 90' lang='lat' dir='ltr'>pto</span> <span class='ocrx_word' id='word_1_312' title='bbox 504 3634 573 3686; x_wconf 88' lang='lat' dir='ltr'>ona</span> <span class='ocrx_word' id='word_1_313' title='bbox 603 3612 782 3709; x_wconf 84' lang='lat' dir='ltr'>persona,</span> <span class='ocrx_word' id='word_1_314' title='bbox 808 3614 921 3703; x_wconf 88' lang='lat' dir='ltr'>loco,</span> <span class='ocrx_word' id='word_1_315' title='bbox 947 3631 1008 3684; x_wconf 88' lang='lat' dir='ltr'>aut</span> <span class='ocrx_word' id='word_1_316' title='bbox 1060 3631 1142 3686; x_wconf 88' lang='lat' dir='ltr'>ente</span> <span class='ocrx_word' id='word_1_317' title='bbox 1164 3638 1431 3714; x_wconf 81' lang='lat' dir='ltr'>nonuunquam</span> <span class='ocrx_word' id='word_1_318' title='bbox 1455 3619 1579 3697; x_wconf 88' lang='lat' dir='ltr'>decern</span> <span class='ocrx_word' id='word_1_319' title='bbox 1605 3633 1641 3698; x_wconf 71' lang='lat' dir='ltr'>dt</span> <span class='ocrx_word' id='word_1_320' title='bbox 1666 3623 1757 3698; x_wconf 87' lang='lat' dir='ltr'>ultra</span> <span class='ocrx_word' id='word_1_321' title='bbox 1780 3621 1821 3698; x_wconf 92' lang='lat' dir='ltr'>in</span> 
     </span>
     <span class='ocr_line' id='line_1_35' title="bbox 406 3707 1823 3816; baseline 0.007 -28"><span class='ocrx_word' id='word_1_322' title='bbox 406 3707 602 3788; x_wconf 81' lang='lat' dir='ltr'>Historiam</span> <span class='ocrx_word' id='word_1_323' title='bbox 614 3708 1017 3814; x_wconf 83' lang='lat' dir='ltr'>Geograpbiumquein</span> <span class='ocrx_word' id='word_1_324' title='bbox 1046 3710 1495 3816; x_wconf 81' lang='lat' dir='ltr'>uxeris,&amp;primofoedius</span> <span class='ocrx_word' id='word_1_325' title='bbox 1515 3723 1623 3798; x_wconf 85' lang='lat' dir='ltr'>cltoos</span> <span class='ocrx_word' id='word_1_326' title='bbox 1641 3719 1823 3798; x_wconf 84' lang='lat' dir='ltr'>inustam·</span> 
     </span>
     <span class='ocr_line' id='line_1_36' title="bbox 399 3807 1822 3908; baseline 0.012 -25"><span class='ocrx_word' id='word_1_327' title='bbox 399 3834 476 3908; x_wconf 86' lang='lat' dir='ltr'>que</span> <span class='ocrx_word' id='word_1_328' title='bbox 492 3807 680 3888; x_wconf 80' lang='lat' dir='ltr'>invexeris.</span> <span class='ocrx_word' id='word_1_329' title='bbox 716 3813 913 3893; x_wconf 73' lang='lat' dir='ltr'>Locorum</span> <span class='ocrx_word' id='word_1_330' title='bbox 929 3809 1012 3886; x_wconf 87' lang='lat' dir='ltr'>litus</span> <span class='ocrx_word' id='word_1_331' title='bbox 1031 3811 1124 3887; x_wconf 89' lang='lat' dir='ltr'>inter</span> <span class='ocrx_word' id='word_1_332' title='bbox 1139 3811 1206 3886; x_wconf 86' lang='lat' dir='ltr'>alia</span> <span class='ocrx_word' id='word_1_333' title='bbox 1222 3839 1339 3892; x_wconf 88' lang='lat' dir='ltr'>rerum</span> <span class='ocrx_word' id='word_1_334' title='bbox 1358 3841 1576 3900; x_wconf 88' lang='lat' dir='ltr'>narratarum</span> <span class='ocrx_word' id='word_1_335' title='bbox 1594 3822 1725 3898; x_wconf 87' lang='lat' dir='ltr'>indicio</span> <span class='ocrx_word' id='word_1_336' title='bbox 1744 3849 1822 3900; x_wconf 86' lang='lat' dir='ltr'>mrt-</span> 
     </span>
     <span class='ocr_line' id='line_1_37' title="bbox 403 3907 1827 4012; baseline 0.013 -28"><span class='ocrx_word' id='word_1_337' title='bbox 403 3907 505 3984; x_wconf 80' lang='lat' dir='ltr'>xime</span> <span class='ocrx_word' id='word_1_338' title='bbox 529 3930 679 4012; x_wconf 86' lang='lat' dir='ltr'>gentem</span> <span class='ocrx_word' id='word_1_339' title='bbox 709 3931 859 4012; x_wconf 85' lang='lat' dir='ltr'>ugente</span> <span class='ocrx_word' id='word_1_340' title='bbox 886 3907 1132 4011; x_wconf 80' lang='lat' dir='ltr'>distinguere,</span> <span class='ocrx_word' id='word_1_341' title='bbox 1158 3937 1216 3987; x_wconf 85' lang='lat' dir='ltr'>aut</span> <span class='ocrx_word' id='word_1_342' title='bbox 1242 3941 1347 3990; x_wconf 87' lang='lat' dir='ltr'>unum</span> <span class='ocrx_word' id='word_1_343' title='bbox 1382 3917 1530 3998; x_wconf 84' lang='lat' dir='ltr'>eatirlem</span> <span class='ocrx_word' id='word_1_344' title='bbox 1562 3951 1604 3999; x_wconf 90' lang='lat' dir='ltr'>ue</span> <span class='ocrx_word' id='word_1_345' title='bbox 1630 3923 1827 4003; x_wconf 87' lang='lat' dir='ltr'>ostendere</span> 
     </span>
     <span class='ocr_line' id='line_1_38' title="bbox 401 3951 1823 4118; baseline 0.012 -34"><span class='ocrx_word' id='word_1_346' title='bbox 401 4007 524 4088; x_wconf 81' lang='lat' dir='ltr'>debet.</span> <span class='ocrx_word' id='word_1_347' title='bbox 585 4004 695 4092; x_wconf 63' lang='lat' dir='ltr'>ouis</span> <span class='ocrx_word' id='word_1_348' title='bbox 714 4033 803 4086; x_wconf 77' lang='lat' dir='ltr'>vero</span> <span class='ocrx_word' id='word_1_349' title='bbox 831 4011 923 4087; x_wconf 82' lang='lat' dir='ltr'>hauc</span> <span class='ocrx_word' id='word_1_350' title='bbox 947 4009 1210 4090; x_wconf 84' lang='lat' dir='ltr'>accurationem</span> <span class='ocrx_word' id='word_1_351' title='bbox 1239 4017 1282 4090; x_wconf 87' lang='lat' dir='ltr'>ob</span> <span class='ocrx_word' id='word_1_352' title='bbox 1300 4017 1505 4096; x_wconf 86' lang='lat' dir='ltr'>authoribus</span> <span class='ocrx_word' id='word_1_353' title='bbox 1532 3951 1675 4100; x_wconf 70' lang='lat' dir='ltr'>diversa</span> <span class='ocrx_word' id='word_1_354' title='bbox 1701 4023 1823 4118; x_wconf 79' lang='lat' dir='ltr'>aeratis,</span> 
     </span>
     <span class='ocr_line' id='line_1_39' title="bbox 398 4105 1824 4224; baseline 0.01 -34"><span class='ocrx_word' id='word_1_355' title='bbox 398 4106 574 4201; x_wconf 77' lang='lat' dir='ltr'>stadonis,</span> <span class='ocrx_word' id='word_1_356' title='bbox 601 4105 870 4213; x_wconf 84' lang='lat' dir='ltr'>linguarumque</span> <span class='ocrx_word' id='word_1_357' title='bbox 888 4109 1082 4210; x_wconf 69' lang='lat' dir='ltr'>defitient,</span> <span class='ocrx_word' id='word_1_358' title='bbox 1108 4137 1146 4190; x_wconf 92' lang='lat' dir='ltr'>ut</span> <span class='ocrx_word' id='word_1_359' title='bbox 1164 4137 1272 4194; x_wconf 84' lang='lat' dir='ltr'>roces</span> <span class='ocrx_word' id='word_1_360' title='bbox 1290 4119 1448 4216; x_wconf 84' lang='lat' dir='ltr'>barbaros</span> <span class='ocrx_word' id='word_1_361' title='bbox 1467 4123 1627 4224; x_wconf 81' lang='lat' dir='ltr'>alioquin</span> <span class='ocrx_word' id='word_1_362' title='bbox 1646 4126 1824 4204; x_wconf 85' lang='lat' dir='ltr'>enuncia-</span> 
     </span>
    </p>
   </div>
   <div class='ocr_carea' id='block_1_3' title="bbox 1724 4248 1766 4300">
    <p class='ocr_par' dir='ltr' id='par_1_10' title="bbox 1724 4248 1766 4300">
     <span class='ocr_line' id='line_1_40' title="bbox 1724 4248 1766 4300; baseline 0 0"><span class='ocrx_word' id='word_1_363' title='bbox 1724 4248 1766 4300; x_wconf 90' lang='lat' dir='ltr'>tu</span> 
     </span>
    </p>
   </div>
   <div class='ocr_carea' id='block_1_4' title="bbox 1946 809 1955 2416">
    <p class='ocr_par' dir='ltr' id='par_1_11' title="bbox 1946 809 1955 2416">
     <span class='ocr_line' id='line_1_41' title="bbox 1946 809 1955 2416; baseline 0 0"><span class='ocrx_word' id='word_1_364' title='bbox 1946 809 1955 2416; x_wconf 95' lang='lat' dir='ltr'> </span> 
     </span>
    </p>
   </div>
   <div class='ocr_carea' id='block_1_5' title="bbox 0 0 1956 4830">
    <p class='ocr_par' dir='ltr' id='par_1_12' title="bbox 0 0 1956 4830">
     <span class='ocr_line' id='line_1_42' title="bbox 0 0 1956 4830; baseline 0 3"><span class='ocrx_word' id='word_1_365' title='bbox 0 0 1956 4830; x_wconf 95' lang='lat' dir='ltr'> </span> 
     </span>
    </p>
   </div>
  </div>
 </body>
</html>
