3902 4830
489 219 1027 350 Ran11.1,ll‚areaxtoruts
1052 262 1156 360 Ile.
1185 263 1250 342 IX.
1349 279 1352 284 '
1475 283 1549 369 243

115 419 267 526 totque'
283 419 447 498 itinerum
467 411 687 500 difficultates
702 411 837 492 aditum
856 407 1045 515 repetitio
1060 409 1224 491 ltaliam}
1261 415 1465 498 Rellexisset
1481 423 1550 497 Lu*
1566 445 1737 531 Luem

7 565 11 576 ·
113 527 212 606 cifer
228 521 273 602 ad
296 518 421 598 veteris
444 513 733 598 Marcomannici
761 511 992 612 (duadicique
1009 513 1130 615 Regni
1177 513 1369 612 atentiam,
1396 519 1552 614 divitias.

116 648 372 730 agrorumque
390 620 562 696 culturam
582 626 619 694 δι
635 619 850 703 ubertarem,
877 613 1044 715 prosecio
1062 641 1128 716 pru
1157 641 1218 693 ens
1241 643 1322 694 eum
1341 620 1464 700 maimo
1482 623 1548 702 suo

7 805 8 808 ,
109 727 269 804 statuere
298 719 495 810 debuis'et,
520 719 656 796 nullam
676 716 864 820 regionem
886 737 1020 790 mantnt
1039 741 1243 818 provocare
1261 719 1415 821 potuisse
1431 723 1550 801 Attilae

108 825 270 913 illiciunt
290 821 335 900 ad
354 819 547 912 transitum,
573 843 680 918 quant
699 843 856 893 veterem
865 814 1084 909 Balentium,
1108 817 1211 894 ubist
1229 819 1305 896 indi
1337 847 1411 900 ena
1429 849 1549 903 aone-

7 961 8 964 ¹
112 953 206 1012 nam
225 903 539 1018 commeatumque
556 946 634 998 ιιοιι
653 920 870 1020 praeberent,
896 916 1044 1027 liaberet
1070 918 1210 998 abunde
1225 845 1335 1022 quod
1345 926 1485 1002 tolleret
1508 949 1550 1000 ae

7 1113 8 1116 Ἴ
148 1023 351 1116 tardaretur,
380 1021 557 1121 precipue
576 1046 660 1096 curu
680 1041 784 1094 antea
801 1041 845 1093 ex
857 1015 978 1091 Prisco
998 1015 1244 1112 docuerimus,
1269 1021 1338 1118 jam
1355 1024 1419 1102 sub
1433 1023 1551 1102 Attila

112 1056 333 1206 iraeceffore
358 1125 461 1198 uon
480 1119 610 1198 uuicos
635 1119 694 1196 seu
722 1121 877 1194 Boemos
903 1139 1039 1194 veteres
1064 1145 1142 1196 rem
1168 1145 1401 1208 communem
1429 1123 1565 1204 fecisse·

115 1254 205 1306 cum
227 1221 405 1322 Romanis.
475 1221 544 1298 Sed
571 1222 647 1300 bac
669 1217 815 1298 nonnisi
837 1241 881 1293 ex
900 1213 1102 1310 conieelma
1119 1219 1200 1296 sunt
1213 1276 1224 1314 ,
1251 1222 1319 1300 alia
1342 1225 1450 1304 nobis
1469 1241 1550 1302 nro-¹

114 1329 252 1408 menia
275 1321 373 1414 sunt,
403 1349 480 1420 qua
497 1319 734 1398 indubitatum
761 1316 916 1394 reddunt
934 1317 1081 1394 Attilam
1100 1347 1164 1422 per
1182 1323 1365 1420 Boemianr
1389 1349 1548 1405 veterem

6 1483 7 1490 ι
106 1431 229 1530 (turn
251 1423 362 1524 usque
389 1423 434 1498 ad
456 1420 614 1500 Danubii
635 1421 753 1496 littora
778 1415 983 1521 protensam
1001 1425 1025 1512 ).
1053 1419 1117 1498 iret
1142 1421 1242 1499 suurn
1265 1423 1303 1502 in
1325 1426 1548 1506 Gallias-sus·

111 1525 252 1632 cepisse
271 1581 284 1618 ,
311 1551 385 1625 qua
403 1521 548 1622 quidem
567 1521 633 1618 jam
655 1523 691 1597 in
710 1517 917 1596 Prudromo
941 1517 1065 1596 nollro
1081 1522 1256 1634 potiffima
1271 1551 1316 1602 ex
1334 1551 1433 1632 parte
1454 1551 1549 1605 attu-

112 1631 254 1719 limus,
278 1650 300 1700 a
321 1649 354 1700 te
371 1650 461 1701 vero
491 1637 659 1722 tanquam
678 1619 854 1722 ,Spltinois
878 1620 1020 1696 obtutus
1036 1645 1166 1698 evirata
1184 1623 1274 1703 sune
1319 1633 1378 1706 -Ea
1396 1627 1458 1706 hic
1474 1627 1546 1725 jam

110 1753 295 1808 revocare
311 1725 509 1804 convenite
564 1729 611 1801 Et
634 1721 781 1823 quidem
799 1687 988 1831 docuimus
1003 1746 1047 1796 ex
1064 1722 1253 1828 Eugippio
1273 1753 1418 1824 coevo,
1434 1729 1547 1832 inque

110 1828 309 1918 hodierna
331 1823 475 1904 Austriae
501 1823 805 1904 transdanubianae
824 1845 925 1896 terrrs
949 1822 1129 1917 versante,
1147 1827 1294 1907 Attilam
1312 1829 1463 1908 minime
1480 1855 1547 1932 pet

67 1943 73 1954 ’
115 1927 534 2008 Noricum&dextram
554 1921 715 2004 Danubii
734 1922 849 2025 ripam
867 1921 910 1996 ad
930 1921 1065 2000 Gallias
1083 1926 1284 2010 ascendisse.
1346 1936 1440 2008 Nam
1461 1928 1548 2007 seri·

63 2108 71 2117 ,
112 2031 173 2112 bit
193 2029 220 2104 is
244 2027 421 2130 prasrdia,
443 2025 600 2119 cassella,
624 2027 804 2122 tabesque,
820 2027 1088 2116 Romanorum,
1115 2048 1191 2125 qua
1212 2056 1257 2108 ex
1273 2031 1402 2109 dextro
1420 2033 1549 2110 Danu·

6 2143 7 2148 ’
115 2132 176 2208 bii
195 2129 306 2203 litore
324 2151 424 2200 erunt
444 2125 577 2226 posita,
600 2125 761 2201 mansrll'e
789 2122 917 2199 intarla
943 2123 1053 2222 usque
1078 2127 1125 2202 ad
1139 2127 1303 2210 Odoacri
1332 2131 1549 2234 imperium,

119 2230 220 2310 adeo
241 2249 278 2304 ut
301 2223 459 2328 presidia
476 2224 540 2302 rite
557 2227 617 2302 sua
639 2224 811 2328 stipendia
829 2221 999 2324 usquead
1015 2249 1055 2300 ea
1074 2248 1240 2328 tempora
1256 2235 1374 2306 Roma
1398 2255 1547 2332 accepe-

5 2367 6 2372 ’
119 2330 218 2414 rint,
246 2327 403 2406 recenset
423 2326 559 2400 multas·
575 2326 687 2402 sloren
705 2352 738 2402 es
767 2323 870 2401 isthic
897 2325 1053 2400 urbes&
1071 2327 1230 2428 oppida,
1255 2331 1330 2408 imo
1346 2329 1548 2432 Episcopos

5 2449 6 2506 1
117 2439 159 2508 δι
178 2425 391 2506 monasteria
410 2426 639 2530 post-Atrillrr
657 2349 772 2504 adhuc
791 2423 995 2526 imperium.
1074 2429 1150 2516 ,lam
1171 2455 1252 2506 cum
1271 2453 1408 2506 cerrum
1424 2455 1469 2506 ex
1492 2426 1547 2503 his
1562 2423 1589 2456 ⁰'

121 2532 190 2610 sit:
212 2527 358 2606 Attilam
381 2527 509 2602 dextro
527 2526 689 2604 Danubii
709 2526 815 2602 litore
835 2553 972 2626 perque
991 2525 1165 2606 Noricum
1183 2530 1355 2608 exereitus
1372 2531 1451 2606 suos
1469 2553 1548 2606 non

5 2695 8 2710 .
118 2629 306 2710 deduxisse
326 2627 363 2706 in
381 2629 541 2719 Gallias,
567 2629 683 2706 altero
705 2653 793 2704 vero
821 2626 981 2703 Danubii
1004 2626 1110 2704 litore
1128 2656 1264 2731 perque
1283 2630 1467 2708 Boemiam
1485 2653 1550 2707 re-

117 2759 232 2810 terem
254 2757 335 2808 cum
358 2728 550 2806 ascendisse
571 2752 610 2806 tu
631 2726 819 2816 inficiaris,
846 2726 933 2826 quid
957 2725 1021 2802 tibi
1042 2721 1163 2824 tellite,
1189 2757 1294 2830 quam
1321 2757 1358 2808 ut
1377 2731 1469 2806 dicas
1488 2729 1552 2806 ad·

117 2831 315 2931 mittasque
334 2828 518 2904 antalam
536 2857 618 2906 cum
642 2830 707 2905 sno
726 2853 806 2905 roto
832 2825 988 2904 exercitu
1005 2827 1154 2906 induisse
1170 2857 1302 2933 pennas
1320 2839 1357 2907 dt
1378 2833 1472 2922 alas,
1501 2851 1552 2904 at·

5 2981 6 2984 ¹
120 2960 197 3032 que
218 2943 421 3033 parcerem
443 2927 480 3006 in
500 2929 630 3010 Gallius
651 2929 791 3010 volasse.
846 2926 938 3004 Θιιι·
958 2929 1054 3004 enim
1077 2953 1248 3008 terrarum
1274 2928 1384 3034 spatia
1401 2931 1551 3034 effinges

122 3030 276 3110 Attilam
297 3053 377 3108 ante
398 3053 557 3132 pugnam
578 3029 846 3110 Catalaunicum
872 3057 953 3105 cum
979 3029 1045 3105 suis
1061 3032 1232 3126 coluisse,
1257 3057 1296 3109 ur
1317 3035 1552 3121 Marcoman·

5 3227 6 3230 Ἴ
118 3155 255 3212 norum
278 3127 567 3230 Arradotumque
586 3157 699 3237 regna
721 3129 848 3206 intaela
866 3129 1048 3230 reliquerit
1063 3133 1232 3212 transiens
1252 3133 1289 3214 in
1306 3132 1462 3214 Gallias}
1491 3143 1580 3210 Aa.

5 3271 7 3278 ¹
117 3229 446 3312 nonl'annoniarn
470 3230 802 3310 tramdanubiananr
829 3229 976 3321 insedit,
1006 3235 1135 3332 quose
1160 3235 1267 3314 eriam
1293 3236 1404 3313 redux
1427 3263 1472 3311 ex
1490 3239 1567 3311 lta·=

119 3333 170 3412 lia
194 3331 365 3435 recepisse
395 3358 515 3410 narrat
540 3331 740 3426 Jornandes
773 3330 819 3408 de
846 3333 949 3409 rebus
973 3333 1160 3416 Getieise.
1185 3361 1243 3433 42.
1262 3361 1301 3411 ur
1323 3363 1403 3411 eum
1430 3338 1555 3410 lotum

116 3433 208 3514 alibi
235 3432 478 3535 protulimus?
531 3431 674 3510 Resed'rt
702 3431 730 3506 is
755 3459 917 3534 nempe,
941 3434 1152 3548 regiamque
1171 3437 1263 3510 suam
1290 3459 1367 3512 non
1391 3435 1507 3535 longe
1532 3458 1555 3510 a

119 3533 273 3614 Tibisco
291 3535 348 3612 seu
371 3533 466 3610 Tissa
489 3532 601 3610 flutio
618 3531 813 3636 Hungaria
835 3533 872 3607 in
893 3533 1117 3636 Gepidarnm
1138 3533 1429 3636 ‘dtradarumque
1452 3531 1554 3611 terrie

122 3634 268 3726 habuit,
292 3634 387 3715 adeo
413 3659 450 3710 ιιι
474 3635 743 3710 Marcomannis
768 3632 993 3710 vicinisfimus
1018 3632 1134 3710 suerit.
1187 3638 1282 3711 Nam
1299 3634 1435 3711 Priscus
1463 3633 1555 3712 olim

123 3739 267 3849 legatus
281 3733 445 3814 Orientis
465 3732 533 3810 iter
556 3735 653 3809 suurn
669 3725 991 3834 Constantinopoli
1017 3733 1067 3811 ad
1087 3733 1234 3832 Attilam
1254 3735 1480 3830 describens,
1500 3729 1556 3812 in·

122 3861 232 3940 quit:
285 3844 423 3940 legenda
441 3837 595 3938 fiqnidam
607 3839 762 3930 Jlrtnriue,
789 3836 888 3930 idest
920 3840 1068 3935 Ursam,
1100 3837 1310 3942 ll‘lyssamque
1338 3837 1381 3916 Εἴ
1406 3847 1556 3916 mam

5 3933 8 4024 ‚⁶
122 3951 265 4016 attritum
289 3949 322 4012 ln
340 3943 440 4014 serunt
457 3940 542 4010 tuum
561 3935 612 4008 usi
628 3937 746 4008 drusum
773 3936 913 4010 Vidiculu
938 3942 1109 4013 Gothorum
1123 3941 1305 4040 sortifflntus
1320 3940 1476 4030 occuluit,
1501 3950 1555 4017 ba·

5 4069 7 4116 f
125 4043 223 4132 deque
245 4069 307 4116 nen
326 4042 413 4141 longa
435 4039 482 4112 ad
499 4046 601 4112 atrurn
626 4046 660 4111 lar
686 4065 747 4140 qur
762 4045 830 4111 Rex
843 4042 939 4112 Attila
962 4039 1167 4134 morabatur,
1189 4043 1367 4141 acrrfflmus.
1388 4039 1445 4124 (a)
1469 4043 1552 4126 Fac„

5 4155 7 4162 ’
175 4145 271 4216 Paus
297 4141 325 4216 1.
785 4141 906 4212 ΗΜ
955 4215 961 4222 ,
1420 4159 1506 4242 age,

168 4264 201 4347 (a
223 4265 388 4350 Jurnandea
402 4265 442 4328 de
458 4253 518 4328 reb·
537 4239 605 4326 Ges.
625 4283 648 4327 c.
675 4277 726 4345 34,
742 4283 780 4328 ex
793 4261 900 4326 Prisco.
956 4255 958 4260 ’
