3820 4820
324 199 333 228 l
401 249 475 336 308
947 233 1285 318 Conrttrnrro
1332 253 1337 264 ·

53 443 64 466 -.
164 387 323 468 summi
396 380 544 470 lussrurrs
575 423 623 465 .·.
650 443 659 462 .
687 444 695 468 .
723 391 795 463 slas
815 389 1106 488 susurramine
1117 387 1297 493 grau‘ffim
1313 383 1409 462 classis
1428 391 1510 464 tora
1522 389 1718 484 nruffiutrm
1738 399 1831 466 Crir's

399 524 447 570 crs
463 485 688 592 imposterum,
714 512 749 564 ut
762 499 825 594 rjus
841 511 933 588 opera
950 511 993 564 tos
1007 495 1142 590 mruflrs
1152 495 1364 592 profligarent.
1405 493 1408 498 ”
1424 489 1599 568 Ceterum
1614 516 1834 592 quamquam

276 629 288 638 ·
400 613 610 695 temporum
626 589 814 690 iniquitas,
840 589 1102 694 &cumprimis
1121 589 1290 669 Hnslitice
1309 587 1346 664 in
1365 595 1499 694 Regno
1521 589 1647 667 nostro
1668 592 1728 666 sax
1747 595 1837 670 rnul-
1885 657 1897 681 ,

400 719 437 771 to
454 691 700 793 Mantrsctipta
719 699 755 766 δι
775 689 908 770 vetusta
928 717 1161 774 monumenta
1179 689 1431 792 absumpserit,
1459 689 1518 767 illa
1535 715 1663 768 tranen
1679 692 1834 770 adoram

341 854 344 858 -
399 797 445 872 dn
464 820 655 894 rerumque
678 792 842 870 omnium
860 792 1127 870 conservationi
1145 799 1189 874 ab
1206 817 1340 872 eterno
1354 789 1584 896 prospiciens
1600 791 1730 874 divina
1750 821 1854 897 pto·-

397 895 560 974 videntia
578 920 655 970 non
679 893 857 972 frustravit
871 895 1019 997 patriam
1035 895 1190 972 nostram
1209 891 1353 972 uetustis
1373 893 1575 994 quibusque
1590 893 1832 988 documentis,
1847 971 1855 978 .

396 1026 474 1100 quse
503 994 616 1074 hodie
672 995 833 1091 rodunt,
860 995 971 1093 qualis
998 995 1037 1072 in
1065 994 1221 1072 tenebris
1249 993 1315 1072 illis
1342 993 1569 1072 historiarum
1598 995 1709 1071 fuerit
1737 997 1831 1102 apud

395 1099 546 1194 majores
584 1025 724 1174 noslros
756 1096 801 1172 de
837 1097 958 1199 patriis
988 1094 1208 1174 incunabulis
1243 1094 1405 1197 opinio,
1441 1094 1670 1173 conservavit
1699 1124 1833 1202 nempe

395 1198 681 1294 Christannutn,
711 1199 901 1286 Cosmatn,
929 1199 1143 1292 Jeroslaum,
1162 1197 1408 1286 Franciscunr,
1432 1197 1596 1297 aliosque
1611 1201 1833 1302 complures,

310 1341 313 1350 =
396 1301 525 1400 quibus
550 1301 717 1378 Czechtts
735 1323 813 1374 tuus
837 1322 908 1375 tarn
927 1298 994 1374 fuit
1016 1295 1253 1402 incognitus,
1279 1323 1388 1396 atque
1412 1321 1529 1374 novus
1547 1297 1647 1374 orbis
1669 1307 1706 1376 δι
1727 1313 1832 1380 :ltue-

394 1401 489 1495 rica,
517 1425 593 1500 quta
612 1400 754 1502 aliquot
778 1399 860 1504 post
876 1425 1005 1478 eorum
1025 1399 1165 1476 obitum
1183 1399 1310 1476 seculis
1329 1397 1489 1500 primum
1504 1397 1658 1481 detesto.
1712 1402 1750 1476 Si
1769 1403 1832 1477 its-

397 1527 470 1615 que
490 1499 665 1605 quepiam
685 1525 923 1578 monumenta
942 1501 1076 1595 injuriis
1095 1525 1168 1578 tetn
1225 1507 1303 1576 tum
1321 1498 1483 1602 periere,
1511 1525 1553 1576 ea
1574 1498 1727 1578 illorum
1746 1505 1831 1580 rela-

364 1637 369 1644 ·
395 1627 439 1679 trs
458 1602 607 1680 tninitne
631 1602 732 1683 fuere
754 1601 936 1683 difformis
958 1602 994 1678 in
1014 1604 1158 1682 resercn
1185 1601 1213 1677 is
1232 1600 1354 1704 patriis
1376 1600 1621 1692 incunabulis,
1647 1629 1735 1680 cum
1767 1603 1830 1682 du-

395 1705 500 1802 bium
527 1730 602 1784 non
619 1703 660 1784 srt
677 1707 743 1784 lros
764 1730 837 1782 tarn
858 1705 1064 1807 preclaros,
1092 1703 1154 1804 qui
1179 1703 1383 1804 supersint,
1408 1704 1599 1794 authores,
1625 1702 1653 1778 fi
1676 1705 1829 1782 certiora

394 1804 628 1914 reperissent,
655 1805 892 1909 exscriptutos
911 1803 1010 1880 sitisse
1037 1831 1107 1906 prae
1133 1804 1198 1881 stris
1216 1804 1359 1882 incertis
1375 1803 1662 1884 dubitationibus
1686 1806 1830 1884 sluflua·
1892 1827 1894 1834 ’

297 1995 300 2002 ,
396 1905 640 2004 tionilrusque,
695 1910 776 1981 Nec
800 1904 933 1982 mitum
953 1929 1044 1978 uero
1069 1928 1140 1982 tom
1164 1905 1245 1982 sero
1263 1905 1303 1981 in
1324 1929 1437 2007 gente
1455 1903 1827 1992 nostraexfirtrexisl'e

398 2005 525 2097 Viros,
550 2005 612 2104 qui
630 2007 781 2112 patriam
799 2001 1224 2100 histor-iamseriberem,
1252 2005 1390 2108 inspice
1410 2008 1579 2110 exempla
1593 2009 1821 2100 Polouorurn,

344 2133 347 2140 ’
397 2105 590 2184 Russotum
620 2130 661 2182 ac
689 2104 924 2220 ipsonrmtnet
948 2108 1240 2208 Htrngrrorum,
1264 2105 1399 2186 visurus
1421 2133 1486 2186 eos
1513 2109 1629 2184 multo
1654 2107 1753 2192 setius
1775 2109 1819 2184 ab

398 2208 474 2286 hoe
500 2207 630 2285 somno
661 2206 871 2311 evigilasse,
897 2213 933 2284 sc
950 2204 1111 2310 ipsorum
1146 2207 1302 2286 venrstos
1336 2233 1501 2312 quosque
1529 2211 1675 2288 annales
1702 2207 1827 2288 nolitis

398 2308 508 2388 etiarn
530 2307 657 2390 saeculo
678 2335 754 2386 uno
773 2308 967 2386 &duobus
993 2306 1211 2412 posteriores
1227 2309 1308 2388 esse.
1386 2309 1525 2386 Primus
1551 2309 1721 2390 omniunt
1751 2311 1829 2415 poll
1859 2381 1879 2420 Ι,

400 2407 575 2510 quosdam
595 2407 884 2520 Ilagiographos
901 2410 1066 2488 somnum
1090 2408 1194 2488 istum
1220 2412 1363 2490 excuffit
1388 2411 1492 2516 genti
1508 2411 1635 2490 nostre
1660 2414 1825 2506 Cosmtn,

249 2543 252 2551 ·
330 2569 337 2572 -
390 2511 500 2607 ¹cujus
516 2510 670 2589 studium
691 2510 905 2610 laudemque
916 2509 1072 2614 3mulati
1089 2511 1332 2614 posteriores,
1355 2511 1468 2592 varias
1485 2513 1670 2593 Chronici
1689 2515 1825 2594 Color:
1909 2566 1910 2571 =

398 2609 693 2691 continuationes
713 2611 906 2726 scripsere,
931 2611 1113 2689 neminem
1134 2636 1256 2691 tamen
1278 2616 1310 2688 le
1342 2613 1462 2706 imus,
1490 2613 1553 2715 qui
1578 2615 1773 2717 presertim
1791 2615 1825 2692 in

399 2712 522 2818 gentis
539 2711 759 2794 incunabulis
778 2739 797 2788 u
816 2712 950 2790 Cosma
967 2711 1170 2810 recessisset,
1198 2713 1300 2794 diver
1336 2741 1407 2817 que
1423 2714 1610 2795 docuisset·
1626 2740 1711 2796 ante
1727 2717 1824 2797 Dali-

399 2814 524 2893 milutn
545 2813 686 2894 Czechi
704 2813 754 2890 ttti
771 2813 1006 2918 prolatorem.
1129 2835 1134 2844 ·

484 2918 555 3018 ,ll
610 2920 687 3012 Jnm
705 2943 794 2994 vero
816 2913 1071 2993 adserendum
1091 2912 1558 3020 catalogum'recentioturn
1574 2917 1821 2998 historicorum

402 3041 550 3098 omnem
566 3015 828 3120 cogitationem
858 3014 1084 3117 studiumque
1109 3015 1294 3096 convertis
1311 3018 1377 3096 l'ir
1393 3019 1451 3096 Cl.
1465 3045 1513 3096 ex
1533 3045 1581 3098 eo
1608 3020 1742 3098 mirum
1768 3045 1823 3098 au-

400 3121 552 3196 thorum
568 3118 777 3198 consensum
797 3116 942 3196 Lectori
963 3123 1195 3220 probaturus,
1222 3119 1362 3218 hacque
1380 3145 1456 3196 non
1475 3121 1618 3200 modica
1637 3121 1737 3198 idem
1752 3123 1824 3198 sen·

403 3219 570 3298 tiernium
591 3219 694 3294 turba
711 3219 863 3297 Creclto
890 3217 1137 3320 principatum.
1152 3221 1189 3295 in
1206 3218 1405 3306 Annalibus
1432 3220 1560 3325 patriis
1572 3223 1818 3300 vindicatrtms

402 3323 455 3400 Ea
473 3318 589 3397 inutili
607 3343 719 3423 opera
743 3319 912 3424 apagina
933 3345 1016 3419 ¹40·
1036 3321 1145 3421 usque
1169 3347 1251 3416 150.
1271 3322 1429 3398 cbartnnr
1456 3322 1642 3426 perdidisti
1654 3381 1666 3418 ‚
1692 3327 1746 3402 nil
1764 3323 1821 3403 nist
1834 3351 1852 3362 ··

397 3449 456 3539 gre
476 3451 524 3500 cm
551 3429 863 3514 erronums'lsorant,
889 3421 1085 3521 dequibus
1117 3424 1221 3524 supra
1246 3422 1462 3514 Hanfizius,
1496 3425 1709 3528 proferens,
1739 3452 1821 3528 quos

401 3449 518 3604 inlini
545 3523 692 3624 quidam
719 3522 919 3628 legendarii
945 3547 1012 3624 ,aut
1047 3520 1152 3599 otiofi
1181 3521 1414 3600 somniatores
1443 3523 1479 3602 in
1508 3553 1746 3606 communem
1776 3529 1822 3604 se·

400 3653 484 3706 curn
527 3641 711 3702 errorem·
736 3649 902 3718 traxere,
943 3631 976 3700 bt
1009 3651 1091 3701 curn
1132 3624 1259 3723 quibus
1288 3625 1434 3703 Lucifer
1473 3649 1581 3722 tuns,
1617 3653 1820 3730 quanquam

399 3729 545 3806 lucerna
581 3726 762 3819 munitus,
798 3725 835 3802 in
868 3726 1032 3804 scrobem
1068 3723 1204 3801 incidit.
1315 3729 1362 3802 Et
1396 3723 1543 3826 quidem
1571 3755 1707 3834 agmen
1744 3730 1821 3808 islo·

401 3855 482 3905 rutn
496 3825 593 3928 apud
615 3852 650 3903 te
667 3825 764 3903 ducit
780 3828 953 3920 Pulltava,
977 3826 1072 3920 cujus
1090 3825 1341 3916 authoritatem
1365 3852 1412 3905 eo
1438 3829 1552 3934 tnagis
1570 3831 1697 3908 summi
1716 3859 1819 3934 repa·

400 3927 546 4006 tandum
566 3926 752 4028 praedicas,
781 3927 885 4026 quod
899 3931 974 4032 ipse
992 3927 1028 4004 in
1047 3925 1255 4004 Ptodromo
1272 3953 1358 4007 meo
1402 3955 1460 4034 ag.
1485 3948 1569 4030 189.
1586 3933 1715 4026 fatear,
1743 3957 1820 4010 eum

399 4027 488 4126 jussu
510 4026 636 4108 Caroli
662 4032 721 4110 IV.
739 4025 961 4110 chronicon
985 4031 1085 4106 suum
1113 4027 1302 4132 scripsisse,
1327 4029 1360 4107 ei
1388 4059 1517 4134 amque
1537 4033 1821 4135 asarpientillimo

397 4133 473 4212 hoc
491 4130 710 4238 imperatore
728 4127 825 4208 uiam
840 4130 884 4209 nd
901 4130 1026 4210 omnia
1044 4129 1189 4234 archiva
1207 4130 1536 4232 Monasteriorum,
1556 4137 1757 4228 Beronum,
1774 4132 1823 4211 ci-
1909 4166 1910 4169 Ν

829 4245 833 4255 “
1395 4257 1399 4264 ’
1580 4309 1583 4314 Δ
1680 4235 1773 4316 tritr-
1909 4240 1910 4271 ¹
