<?xml version="1.0" encoding="UTF-8"?>
<!DOCTYPE html PUBLIC "-//W3C//DTD XHTML 1.0 Transitional//EN"
    "http://www.w3.org/TR/xhtml1/DTD/xhtml1-transitional.dtd">
<html xmlns="http://www.w3.org/1999/xhtml" xml:lang="en" lang="en">
 <head>
  <title>
</title>
<meta http-equiv="Content-Type" content="text/html;charset=utf-8" />
  <meta name='ocr-system' content='tesseract 3.04.00' />
  <meta name='ocr-capabilities' content='ocr_page ocr_carea ocr_par ocr_line ocrx_word'/>
</head>
<body>
  <div class='ocr_page' id='page_1' title='image "./gelasiidobneras00dobngoog_0330.png"; bbox 0 0 3820 4820; ppageno 0'>
   <div class='ocr_carea' id='block_1_1' title="bbox 417 221 1678 398">
    <p class='ocr_par' dir='ltr' id='par_1_1' title="bbox 417 221 1678 398">
     <span class='ocr_line' id='line_1_1' title="bbox 417 221 1678 398; baseline -0.002 -63"><span class='ocrx_word' id='word_1_1' title='bbox 417 281 490 360; x_wconf 76' lang='lat'>312</span> <span class='ocrx_word' id='word_1_2' title='bbox 979 257 1310 338; x_wconf 76' lang='lat' dir='ltr'>Coururarro</span> <span class='ocrx_word' id='word_1_3' title='bbox 1342 312 1397 398; x_wconf 50' lang='grc' dir='ltr'>ι</span> <span class='ocrx_word' id='word_1_4' title='bbox 1665 221 1678 274; x_wconf 58' lang='lat' dir='ltr'>l</span> 
     </span>
    </p>
   </div>
   <div class='ocr_carea' id='block_1_2' title="bbox 316 375 1894 2538">
    <p class='ocr_par' dir='ltr' id='par_1_2' title="bbox 316 375 1894 1826">
     <span class='ocr_line' id='line_1_2' title="bbox 415 375 1846 517; baseline 0.002 -31"><span class='ocrx_word' id='word_1_5' title='bbox 415 421 474 517; x_wconf 78' lang='lat' dir='ltr'>qur·</span> <span class='ocrx_word' id='word_1_6' title='bbox 489 430 558 484; x_wconf 80' lang='lat' dir='ltr'>erar</span> <span class='ocrx_word' id='word_1_7' title='bbox 577 417 670 484; x_wconf 73' lang='lat' dir='ltr'>etiam</span> <span class='ocrx_word' id='word_1_8' title='bbox 687 415 776 512; x_wconf 73' lang='lat' dir='ltr'>Regis</span> <span class='ocrx_word' id='word_1_9' title='bbox 790 407 842 508; x_wconf 77' lang='lat' dir='ltr'>fisi</span> <span class='ocrx_word' id='word_1_10' title='bbox 860 375 1071 484; x_wconf 71' lang='lat' dir='ltr'>rirliculuh&#39;us.</span> <span class='ocrx_word' id='word_1_11' title='bbox 1132 408 1355 486; x_wconf 88' lang='lat' dir='ltr'>Erubescunt</span> <span class='ocrx_word' id='word_1_12' title='bbox 1376 407 1432 486; x_wconf 86' lang='lat' dir='ltr'>vel</span> <span class='ocrx_word' id='word_1_13' title='bbox 1457 409 1584 486; x_wconf 83' lang='lat' dir='ltr'>chartae</span> <span class='ocrx_word' id='word_1_14' title='bbox 1606 433 1672 487; x_wconf 80' lang='lat' dir='ltr'>tuae</span> <span class='ocrx_word' id='word_1_15' title='bbox 1691 411 1846 506; x_wconf 84' lang='lat' dir='ltr'>ejusmo-</span> 
     </span>
     <span class='ocr_line' id='line_1_3' title="bbox 416 507 1846 615; baseline 0.004 -29"><span class='ocrx_word' id='word_1_16' title='bbox 416 513 454 587; x_wconf 91' lang='lat' dir='ltr'>di</span> <span class='ocrx_word' id='word_1_17' title='bbox 475 509 582 615; x_wconf 85' lang='lat' dir='ltr'>nugis</span> <span class='ocrx_word' id='word_1_18' title='bbox 603 509 716 605; x_wconf 78' lang='lat' dir='ltr'>illitae,</span> <span class='ocrx_word' id='word_1_19' title='bbox 746 537 828 586; x_wconf 90' lang='lat' dir='ltr'>cum</span> <span class='ocrx_word' id='word_1_20' title='bbox 849 508 993 584; x_wconf 84' lang='lat' dir='ltr'>Lucifer</span> <span class='ocrx_word' id='word_1_21' title='bbox 1013 532 1091 585; x_wconf 91' lang='lat' dir='ltr'>tuus</span> <span class='ocrx_word' id='word_1_22' title='bbox 1112 507 1185 586; x_wconf 75' lang='lat' dir='ltr'>hcc</span> <span class='ocrx_word' id='word_1_23' title='bbox 1203 510 1268 586; x_wconf 91' lang='lat' dir='ltr'>illis</span> <span class='ocrx_word' id='word_1_24' title='bbox 1285 509 1423 586; x_wconf 83' lang='lat' dir='ltr'>illinere</span> <span class='ocrx_word' id='word_1_25' title='bbox 1440 536 1518 587; x_wconf 92' lang='lat' dir='ltr'>non</span> <span class='ocrx_word' id='word_1_26' title='bbox 1536 512 1692 600; x_wconf 76' lang='lat' dir='ltr'>erubuit,</span> <span class='ocrx_word' id='word_1_27' title='bbox 1768 520 1846 592; x_wconf 84' lang='lat' dir='ltr'>Ne·</span> 
     </span>
     <span class='ocr_line' id='line_1_4' title="bbox 413 607 1850 714; baseline 0.002 -24"><span class='ocrx_word' id='word_1_28' title='bbox 413 640 478 690; x_wconf 90' lang='lat' dir='ltr'>mo</span> <span class='ocrx_word' id='word_1_29' title='bbox 497 613 570 688; x_wconf 80' lang='lat' dir='ltr'>haec</span> <span class='ocrx_word' id='word_1_30' title='bbox 593 611 684 690; x_wconf 84' lang='lat' dir='ltr'>Viris</span> <span class='ocrx_word' id='word_1_31' title='bbox 700 608 896 712; x_wconf 76' lang='lat' dir='ltr'>crepundia</span> <span class='ocrx_word' id='word_1_32' title='bbox 913 607 1050 704; x_wconf 74' lang='lat' dir='ltr'>objecta</span> <span class='ocrx_word' id='word_1_33' title='bbox 1073 610 1229 703; x_wconf 83' lang='lat' dir='ltr'>censeat,</span> <span class='ocrx_word' id='word_1_34' title='bbox 1257 639 1333 714; x_wconf 76' lang='lat' dir='ltr'>quae</span> <span class='ocrx_word' id='word_1_35' title='bbox 1352 610 1494 688; x_wconf 78' lang='lat' dir='ltr'>nonnisi</span> <span class='ocrx_word' id='word_1_36' title='bbox 1515 613 1641 714; x_wconf 87' lang='lat' dir='ltr'>puerili</span> <span class='ocrx_word' id='word_1_37' title='bbox 1665 615 1758 692; x_wconf 79' lang='lat' dir='ltr'>aerati</span> <span class='ocrx_word' id='word_1_38' title='bbox 1786 617 1850 693; x_wconf 92' lang='lat' dir='ltr'>de·</span> 
     </span>
     <span class='ocr_line' id='line_1_5' title="bbox 413 710 1849 814; baseline 0.001 -22"><span class='ocrx_word' id='word_1_39' title='bbox 413 718 630 792; x_wconf 66' lang='lat' dir='ltr'>testamento</span> <span class='ocrx_word' id='word_1_40' title='bbox 650 713 717 791; x_wconf 89' lang='lat' dir='ltr'>elle</span> <span class='ocrx_word' id='word_1_41' title='bbox 737 712 898 814; x_wconf 76' lang='lat' dir='ltr'>possint·</span> <span class='ocrx_word' id='word_1_42' title='bbox 930 711 1016 787; x_wconf 71' lang='lat' dir='ltr'>(uua</span> <span class='ocrx_word' id='word_1_43' title='bbox 1039 710 1076 787; x_wconf 91' lang='lat' dir='ltr'>in</span> <span class='ocrx_word' id='word_1_44' title='bbox 1091 739 1133 790; x_wconf 88' lang='lat' dir='ltr'>ro</span> <span class='ocrx_word' id='word_1_45' title='bbox 1148 711 1247 789; x_wconf 85' lang='lat' dir='ltr'>simul</span> <span class='ocrx_word' id='word_1_46' title='bbox 1265 715 1333 790; x_wconf 81' lang='lat' dir='ltr'>alas</span> <span class='ocrx_word' id='word_1_47' title='bbox 1353 711 1416 788; x_wconf 83' lang='lat' dir='ltr'>fibi</span> <span class='ocrx_word' id='word_1_48' title='bbox 1438 715 1575 789; x_wconf 89' lang='lat' dir='ltr'>rursum</span> <span class='ocrx_word' id='word_1_49' title='bbox 1601 716 1724 792; x_wconf 78' lang='lat' dir='ltr'>aduslit</span> <span class='ocrx_word' id='word_1_50' title='bbox 1740 718 1849 793; x_wconf 80' lang='lat' dir='ltr'>Luci·</span> 
     </span>
     <span class='ocr_line' id='line_1_6' title="bbox 410 811 1850 916; baseline 0.001 -21"><span class='ocrx_word' id='word_1_51' title='bbox 410 818 466 895; x_wconf 85' lang='lat' dir='ltr'>fer</span> <span class='ocrx_word' id='word_1_52' title='bbox 490 841 586 908; x_wconf 87' lang='lat' dir='ltr'>tuus,</span> <span class='ocrx_word' id='word_1_53' title='bbox 612 831 693 894; x_wconf 79' lang='lat' dir='ltr'>cutn‘</span> <span class='ocrx_word' id='word_1_54' title='bbox 721 811 872 890; x_wconf 84' lang='lat' dir='ltr'>nomina</span> <span class='ocrx_word' id='word_1_55' title='bbox 896 818 1029 914; x_wconf 72' lang='lat' dir='ltr'>leyche,</span> <span class='ocrx_word' id='word_1_56' title='bbox 1055 818 1172 916; x_wconf 74' lang='lat' dir='ltr'>Cycbc,</span> <span class='ocrx_word' id='word_1_57' title='bbox 1205 817 1346 902; x_wconf 76' lang='lat' dir='ltr'>llclsus,</span> <span class='ocrx_word' id='word_1_58' title='bbox 1374 812 1539 916; x_wconf 78' lang='lat' dir='ltr'>reliquias</span> <span class='ocrx_word' id='word_1_59' title='bbox 1565 816 1633 892; x_wconf 86' lang='lat' dir='ltr'>csse</span> <span class='ocrx_word' id='word_1_60' title='bbox 1652 819 1850 896; x_wconf 79' lang='lat' dir='ltr'>confitetur</span> 
     </span>
     <span class='ocr_line' id='line_1_7' title="bbox 411 911 1849 1018; baseline 0 -23"><span class='ocrx_word' id='word_1_61' title='bbox 411 923 501 995; x_wconf 79' lang='lat' dir='ltr'>Zethi</span> <span class='ocrx_word' id='word_1_62' title='bbox 527 917 702 1008; x_wconf 87' lang='lat' dir='ltr'>nominis,</span> <span class='ocrx_word' id='word_1_63' title='bbox 730 915 816 990; x_wconf 82' lang='lat' dir='ltr'>dunt</span> <span class='ocrx_word' id='word_1_64' title='bbox 843 911 1051 1010; x_wconf 73' lang='lat' dir='ltr'>&#39;anteprotis</span> <span class='ocrx_word' id='word_1_65' title='bbox 1078 913 1221 1018; x_wconf 82' lang='lat' dir='ltr'>paginis</span> <span class='ocrx_word' id='word_1_66' title='bbox 1246 914 1409 992; x_wconf 84' lang='lat' dir='ltr'>adversus</span> <span class='ocrx_word' id='word_1_67' title='bbox 1436 941 1502 991; x_wconf 90' lang='lat' dir='ltr'>nos</span> <span class='ocrx_word' id='word_1_68' title='bbox 1524 915 1713 993; x_wconf 74' lang='lat' dir='ltr'>dimicavit</span> <span class='ocrx_word' id='word_1_69' title='bbox 1736 927 1849 995; x_wconf 78' lang='lat' dir='ltr'>-Zr&#39;clor</span> 
     </span>
     <span class='ocr_line' id='line_1_8' title="bbox 411 1013 1845 1122; baseline -0.002 -24"><span class='ocrx_word' id='word_1_70' title='bbox 411 1021 559 1098; x_wconf 89' lang='lat' dir='ltr'>eosdem</span> <span class='ocrx_word' id='word_1_71' title='bbox 577 1017 727 1095; x_wconf 88' lang='lat' dir='ltr'>minime</span> <span class='ocrx_word' id='word_1_72' title='bbox 742 1013 877 1094; x_wconf 85' lang='lat' dir='ltr'>censeri</span> <span class='ocrx_word' id='word_1_73' title='bbox 897 1014 995 1116; x_wconf 87' lang='lat' dir='ltr'>posse</span> <span class='ocrx_word' id='word_1_74' title='bbox 1014 1041 1095 1092; x_wconf 92' lang='lat' dir='ltr'>cum</span> <span class='ocrx_word' id='word_1_75' title='bbox 1114 1021 1233 1095; x_wconf 63' lang='lat' dir='ltr'>Zerbis]</span> <span class='ocrx_word' id='word_1_76' title='bbox 1283 1020 1417 1098; x_wconf 82' lang='lat' dir='ltr'>Verum</span> <span class='ocrx_word' id='word_1_77' title='bbox 1437 1015 1503 1092; x_wconf 86' lang='lat' dir='ltr'>hic&#39;</span> <span class='ocrx_word' id='word_1_78' title='bbox 1515 1017 1756 1120; x_wconf 82' lang='lat' dir='ltr'>sophistarum</span> <span class='ocrx_word' id='word_1_79' title='bbox 1769 1023 1845 1122; x_wconf 89' lang='lat' dir='ltr'>pas·</span> 
     </span>
     <span class='ocr_line' id='line_1_9' title="bbox 355 1114 1847 1221; baseline -0.001 -24"><span class='ocrx_word' id='word_1_80' title='bbox 355 1213 359 1218; x_wconf 24' lang='lat'><strong><em>¹</em></strong></span> <span class='ocrx_word' id='word_1_81' title='bbox 409 1121 593 1209; x_wconf 86' lang='lat' dir='ltr'>limosus,</span> <span class='ocrx_word' id='word_1_82' title='bbox 624 1121 769 1219; x_wconf 78' lang='lat' dir='ltr'>hacque</span> <span class='ocrx_word' id='word_1_83' title='bbox 798 1114 1019 1218; x_wconf 83' lang='lat' dir='ltr'>pervicacia,</span> <span class='ocrx_word' id='word_1_84' title='bbox 1049 1140 1086 1191; x_wconf 91' lang='lat' dir='ltr'>ut</span> <span class='ocrx_word' id='word_1_85' title='bbox 1115 1143 1197 1194; x_wconf 92' lang='lat' dir='ltr'>cum</span> <span class='ocrx_word' id='word_1_86' title='bbox 1221 1117 1441 1220; x_wconf 77' lang='lat' dir='ltr'>argumentis</span> <span class='ocrx_word' id='word_1_87' title='bbox 1468 1117 1614 1198; x_wconf 77' lang='lat' dir='ltr'>sincere</span> <span class='ocrx_word' id='word_1_88' title='bbox 1638 1145 1847 1221; x_wconf 69' lang='lat' dir='ltr'>nequem,</span> 
     </span>
     <span class='ocr_line' id='line_1_10' title="bbox 343 1217 1847 1319; baseline -0.001 -20"><span class='ocrx_word' id='word_1_89' title='bbox 343 1217 351 1224; x_wconf 72' lang='grc'><strong>’</strong></span> <span class='ocrx_word' id='word_1_90' title='bbox 409 1225 597 1313; x_wconf 85' lang='lat' dir='ltr'>clamore,</span> <span class='ocrx_word' id='word_1_91' title='bbox 624 1217 908 1296; x_wconf 87' lang='lat' dir='ltr'>&amp;multitudine</span> <span class='ocrx_word' id='word_1_92' title='bbox 932 1221 1126 1294; x_wconf 85' lang='lat' dir='ltr'>verborum</span> <span class='ocrx_word' id='word_1_93' title='bbox 1150 1217 1389 1296; x_wconf 84' lang='lat' dir='ltr'>adversarium</span> <span class='ocrx_word' id='word_1_94' title='bbox 1409 1219 1565 1296; x_wconf 91' lang='lat' dir='ltr'>obruere</span> <span class='ocrx_word' id='word_1_95' title='bbox 1584 1247 1768 1319; x_wconf 77' lang='lat' dir='ltr'>querant,</span> <span class='ocrx_word' id='word_1_96' title='bbox 1796 1246 1847 1298; x_wconf 81' lang='lat' dir='ltr'>tt-</span> 
     </span>
     <span class='ocr_line' id='line_1_11' title="bbox 407 1319 1894 1426; baseline 0.001 -27"><span class='ocrx_word' id='word_1_97' title='bbox 407 1349 480 1422; x_wconf 89' lang='lat' dir='ltr'>que</span> <span class='ocrx_word' id='word_1_98' title='bbox 500 1321 550 1400; x_wconf 89' lang='lat' dir='ltr'>rei</span> <span class='ocrx_word' id='word_1_99' title='bbox 576 1320 722 1399; x_wconf 88' lang='lat' dir='ltr'>cardine</span> <span class='ocrx_word' id='word_1_100' title='bbox 740 1321 911 1422; x_wconf 73' lang='lat' dir='ltr'>neglesto</span> <span class='ocrx_word' id='word_1_101' title='bbox 934 1329 1146 1420; x_wconf 86' lang='lat' dir='ltr'>plenunque</span> <span class='ocrx_word' id='word_1_102' title='bbox 1171 1319 1216 1396; x_wconf 90' lang='lat' dir='ltr'>ad</span> <span class='ocrx_word' id='word_1_103' title='bbox 1244 1345 1377 1426; x_wconf 86' lang='lat' dir='ltr'>nugas,</span> <span class='ocrx_word' id='word_1_104' title='bbox 1403 1319 1687 1420; x_wconf 79' lang='lat' dir='ltr'>quisquiliasque</span> <span class='ocrx_word' id='word_1_105' title='bbox 1705 1349 1843 1425; x_wconf 79' lang='lat' dir='ltr'>provo</span> <span class='ocrx_word' id='word_1_106' title='bbox 1887 1357 1894 1369; x_wconf 92' lang='lat'><strong>·</strong></span> 
     </span>
     <span class='ocr_line' id='line_1_12' title="bbox 405 1418 1841 1521; baseline 0.001 -21"><span class='ocrx_word' id='word_1_107' title='bbox 405 1427 502 1516; x_wconf 90' lang='lat' dir='ltr'>lent,</span> <span class='ocrx_word' id='word_1_108' title='bbox 530 1447 568 1499; x_wconf 88' lang='lat' dir='ltr'>ut</span> <span class='ocrx_word' id='word_1_109' title='bbox 582 1427 649 1508; x_wconf 56' lang='lat' dir='ltr'>rel,</span> <span class='ocrx_word' id='word_1_110' title='bbox 662 1425 755 1498; x_wconf 79' lang='lat' dir='ltr'>hanc</span> <span class='ocrx_word' id='word_1_111' title='bbox 781 1421 893 1497; x_wconf 82' lang='lat' dir='ltr'>solutu</span> <span class='ocrx_word' id='word_1_112' title='bbox 913 1418 1055 1495; x_wconf 88' lang='lat' dir='ltr'>laudem</span> <span class='ocrx_word' id='word_1_113' title='bbox 1076 1445 1095 1494; x_wconf 94' lang='lat' dir='ltr'>e</span> <span class='ocrx_word' id='word_1_114' title='bbox 1113 1423 1310 1498; x_wconf 78' lang='lat' dir='ltr'>certamine</span> <span class='ocrx_word' id='word_1_115' title='bbox 1325 1421 1507 1512; x_wconf 84' lang='lat' dir='ltr'>referunt,</span> <span class='ocrx_word' id='word_1_116' title='bbox 1532 1425 1635 1521; x_wconf 91' lang='lat' dir='ltr'>quod</span> <span class='ocrx_word' id='word_1_117' title='bbox 1655 1451 1733 1500; x_wconf 90' lang='lat' dir='ltr'>nun</span> <span class='ocrx_word' id='word_1_118' title='bbox 1765 1451 1841 1502; x_wconf 89' lang='lat' dir='ltr'>uam</span> 
     </span>
     <span class='ocr_line' id='line_1_13' title="bbox 405 1519 1840 1627; baseline 0.002 -25"><span class='ocrx_word' id='word_1_119' title='bbox 405 1523 549 1602; x_wconf 74' lang='lat' dir='ltr'>tacuisse</span> <span class='ocrx_word' id='word_1_120' title='bbox 569 1523 634 1602; x_wconf 79' lang='lat' dir='ltr'>visi</span> <span class='ocrx_word' id='word_1_121' title='bbox 660 1524 738 1600; x_wconf 86' lang='lat' dir='ltr'>stnt.</span> <span class='ocrx_word' id='word_1_122' title='bbox 791 1533 841 1599; x_wconf 83' lang='lat' dir='ltr'>llt</span> <span class='ocrx_word' id='word_1_123' title='bbox 863 1519 998 1597; x_wconf 86' lang='lat' dir='ltr'>utinam</span> <span class='ocrx_word' id='word_1_124' title='bbox 1026 1519 1172 1598; x_wconf 84' lang='lat' dir='ltr'>Lucifer</span> <span class='ocrx_word' id='word_1_125' title='bbox 1198 1522 1378 1615; x_wconf 81' lang='lat' dir='ltr'>tacuisses,</span> <span class='ocrx_word' id='word_1_126' title='bbox 1404 1523 1672 1627; x_wconf 75' lang='lat' dir='ltr'>Philosophus,</span> <span class='ocrx_word' id='word_1_127' title='bbox 1702 1527 1740 1604; x_wconf 81' lang='lat' dir='ltr'>h&#39;</span> <span class='ocrx_word' id='word_1_128' title='bbox 1774 1527 1840 1604; x_wconf 88' lang='lat' dir='ltr'>ori-</span> 
     </span>
     <span class='ocr_line' id='line_1_14' title="bbox 405 1623 1188 1726; baseline 0.004 -23"><span class='ocrx_word' id='word_1_129' title='bbox 405 1653 466 1703; x_wconf 89' lang='lat' dir='ltr'>cus</span> <span class='ocrx_word' id='word_1_130' title='bbox 493 1625 661 1726; x_wconf 85' lang='lat' dir='ltr'>inquam,</span> <span class='ocrx_word' id='word_1_131' title='bbox 688 1623 912 1701; x_wconf 73' lang='lat' dir='ltr'>mansisses·</span> <span class='ocrx_word' id='word_1_132' title='bbox 983 1660 991 1670; x_wconf 91' lang='lat'><strong>·</strong></span> <span class='ocrx_word' id='word_1_133' title='bbox 1185 1701 1188 1706; x_wconf 79' lang='grc'>,</span> 
     </span>
     <span class='ocr_line' id='line_1_15' title="bbox 316 1719 1836 1826; baseline 0.001 -22"><span class='ocrx_word' id='word_1_134' title='bbox 316 1815 321 1823; x_wconf 47' lang='grc'>,</span> <span class='ocrx_word' id='word_1_135' title='bbox 472 1739 483 1750; x_wconf 77' lang='grc'><strong>“</strong></span> <span class='ocrx_word' id='word_1_136' title='bbox 516 1732 578 1804; x_wconf 94' lang='lat' dir='ltr'>lll.</span> <span class='ocrx_word' id='word_1_137' title='bbox 635 1725 761 1804; x_wconf 85' lang='lat' dir='ltr'>Nolim</span> <span class='ocrx_word' id='word_1_138' title='bbox 780 1725 946 1826; x_wconf 85' lang='lat' dir='ltr'>cuiquam</span> <span class='ocrx_word' id='word_1_139' title='bbox 969 1719 1085 1797; x_wconf 84' lang='lat' dir='ltr'>videri</span> <span class='ocrx_word' id='word_1_140' title='bbox 1108 1749 1167 1800; x_wconf 90' lang='lat' dir='ltr'>me</span> <span class='ocrx_word' id='word_1_141' title='bbox 1195 1722 1371 1801; x_wconf 85' lang='lat' dir='ltr'>solvendo</span> <span class='ocrx_word' id='word_1_142' title='bbox 1388 1742 1469 1802; x_wconf 82' lang='lat' dir='ltr'>&#39;non</span> <span class='ocrx_word' id='word_1_143' title='bbox 1493 1723 1587 1816; x_wconf 87' lang='lat' dir='ltr'>else,</span> <span class='ocrx_word' id='word_1_144' title='bbox 1614 1723 1759 1822; x_wconf 89' lang='lat' dir='ltr'>nolim,</span> <span class='ocrx_word' id='word_1_145' title='bbox 1785 1727 1836 1806; x_wconf 91' lang='lat' dir='ltr'>in·</span> 
     </span>
    </p>

    <p class='ocr_par' dir='ltr' id='par_1_3' title="bbox 367 1823 1832 2538">
     <span class='ocr_line' id='line_1_16' title="bbox 405 1823 1832 1928; baseline 0.003 -25"><span class='ocrx_word' id='word_1_146' title='bbox 405 1855 527 1928; x_wconf 82' lang='lat' dir='ltr'>quam,</span> <span class='ocrx_word' id='word_1_147' title='bbox 551 1857 592 1904; x_wconf 80' lang='lat' dir='ltr'>aes</span> <span class='ocrx_word' id='word_1_148' title='bbox 609 1829 766 1904; x_wconf 86' lang='lat' dir='ltr'>alienum</span> <span class='ocrx_word' id='word_1_149' title='bbox 782 1823 1034 1912; x_wconf 78' lang='lat' dir='ltr'>inveterascat,</span> <span class='ocrx_word' id='word_1_150' title='bbox 1059 1830 1093 1898; x_wconf 77' lang='grc' dir='ltr'>δι</span> <span class='ocrx_word' id='word_1_151' title='bbox 1112 1825 1389 1926; x_wconf 84' lang='lat' dir='ltr'>multiplicandis</span> <span class='ocrx_word' id='word_1_152' title='bbox 1411 1826 1518 1903; x_wconf 82' lang='lat' dir='ltr'>usuris</span> <span class='ocrx_word' id='word_1_153' title='bbox 1538 1829 1699 1922; x_wconf 83' lang='lat' dir='ltr'>crescat,</span> <span class='ocrx_word' id='word_1_154' title='bbox 1720 1830 1832 1907; x_wconf 85' lang='lat' dir='ltr'>dissol-</span> 
     </span>
     <span class='ocr_line' id='line_1_17' title="bbox 404 1921 1831 2009; baseline 0.002 -3"><span class='ocrx_word' id='word_1_155' title='bbox 404 1945 490 2006; x_wconf 80' lang='lat' dir='ltr'>ve&#39;re</span> <span class='ocrx_word' id='word_1_156' title='bbox 519 1929 667 2004; x_wconf 83' lang='lat' dir='ltr'>nomina</span> <span class='ocrx_word' id='word_1_157' title='bbox 687 1929 854 2004; x_wconf 52' lang='lat' dir='ltr'>voluntas</span> <span class='ocrx_word' id='word_1_158' title='bbox 874 1923 933 1998; x_wconf 87' lang='lat' dir='ltr'>est.</span> <span class='ocrx_word' id='word_1_159' title='bbox 994 1921 1120 1997; x_wconf 68' lang='lat' dir='ltr'>(ditare</span> <span class='ocrx_word' id='word_1_160' title='bbox 1149 1953 1196 2000; x_wconf 88' lang='lat' dir='ltr'>ne</span> <span class='ocrx_word' id='word_1_161' title='bbox 1224 1926 1288 2000; x_wconf 89' lang='lat' dir='ltr'>ribi</span> <span class='ocrx_word' id='word_1_162' title='bbox 1310 1925 1372 2005; x_wconf 88' lang='lat' dir='ltr'>llit</span> <span class='ocrx_word' id='word_1_163' title='bbox 1394 1931 1450 2006; x_wconf 84' lang='lat' dir='ltr'>Cl.</span> <span class='ocrx_word' id='word_1_164' title='bbox 1469 1930 1596 2004; x_wconf 83' lang='lat' dir='ltr'>multas</span> <span class='ocrx_word' id='word_1_165' title='bbox 1628 1933 1831 2009; x_wconf 83' lang='lat' dir='ltr'>recentiores</span> 
     </span>
     <span class='ocr_line' id='line_1_18' title="bbox 404 2023 1829 2130; baseline 0.002 -25"><span class='ocrx_word' id='word_1_166' title='bbox 404 2029 639 2105; x_wconf 82' lang='lat' dir='ltr'>authoritates</span> <span class='ocrx_word' id='word_1_167' title='bbox 659 2025 879 2116; x_wconf 85' lang='lat' dir='ltr'>cumulanti,</span> <span class='ocrx_word' id='word_1_168' title='bbox 903 2049 963 2103; x_wconf 91' lang='lat' dir='ltr'>aut</span> <span class='ocrx_word' id='word_1_169' title='bbox 985 2023 1146 2124; x_wconf 70' lang='lat' dir='ltr'>Collegae</span> <span class='ocrx_word' id='word_1_170' title='bbox 1165 2049 1227 2101; x_wconf 89' lang='lat' dir='ltr'>tuo</span> <span class='ocrx_word' id='word_1_171' title='bbox 1250 2055 1292 2102; x_wconf 78' lang='lat' dir='ltr'>ars</span> <span class='ocrx_word' id='word_1_172' title='bbox 1319 2027 1473 2106; x_wconf 84' lang='lat' dir='ltr'>alienum</span> <span class='ocrx_word' id='word_1_173' title='bbox 1492 2029 1730 2130; x_wconf 86' lang='lat' dir='ltr'>expostulanti</span> <span class='ocrx_word' id='word_1_174' title='bbox 1750 2057 1829 2108; x_wconf 89' lang='lat' dir='ltr'>mo·</span> 
     </span>
     <span class='ocr_line' id='line_1_19' title="bbox 367 2125 1823 2234; baseline 0.002 -29"><span class='ocrx_word' id='word_1_175' title='bbox 367 2127 370 2132; x_wconf 72' lang='grc'>’</span> <span class='ocrx_word' id='word_1_176' title='bbox 402 2131 501 2207; x_wconf 88' lang='lat' dir='ltr'>rosus</span> <span class='ocrx_word' id='word_1_177' title='bbox 520 2127 663 2206; x_wconf 88' lang='lat' dir='ltr'>debitor</span> <span class='ocrx_word' id='word_1_178' title='bbox 681 2125 826 2218; x_wconf 83' lang='lat' dir='ltr'>videar,</span> <span class='ocrx_word' id='word_1_179' title='bbox 851 2125 918 2220; x_wconf 87' lang='lat' dir='ltr'>jam</span> <span class='ocrx_word' id='word_1_180' title='bbox 935 2153 977 2203; x_wconf 85' lang='lat' dir='ltr'>ea</span> <span class='ocrx_word' id='word_1_181' title='bbox 993 2127 1279 2229; x_wconf 84' lang='lat' dir='ltr'>gravillirnorum</span> <span class='ocrx_word' id='word_1_182' title='bbox 1299 2130 1468 2208; x_wconf 85' lang='lat' dir='ltr'>Virorum</span> <span class='ocrx_word' id='word_1_183' title='bbox 1492 2129 1624 2224; x_wconf 76' lang='lat' dir='ltr'>judicia</span> <span class='ocrx_word' id='word_1_184' title='bbox 1647 2130 1823 2234; x_wconf 79' lang='lat' dir='ltr'>profetam,</span> 
     </span>
     <span class='ocr_line' id='line_1_20' title="bbox 403 2225 1831 2332; baseline 0.002 -25"><span class='ocrx_word' id='word_1_185' title='bbox 403 2233 534 2331; x_wconf 90' lang='lat' dir='ltr'>quibus</span> <span class='ocrx_word' id='word_1_186' title='bbox 557 2231 725 2310; x_wconf 50' lang='lat' dir='ltr'>¹Czochus</span> <span class='ocrx_word' id='word_1_187' title='bbox 748 2253 827 2304; x_wconf 87' lang='lat' dir='ltr'>tuus</span> <span class='ocrx_word' id='word_1_188' title='bbox 844 2225 986 2328; x_wconf 87' lang='lat' dir='ltr'>pridem</span> <span class='ocrx_word' id='word_1_189' title='bbox 1008 2227 1161 2304; x_wconf 79' lang='lat' dir='ltr'>fabulam</span> <span class='ocrx_word' id='word_1_190' title='bbox 1184 2229 1283 2304; x_wconf 89' lang='lat' dir='ltr'>olere</span> <span class='ocrx_word' id='word_1_191' title='bbox 1311 2229 1424 2324; x_wconf 90' lang='lat' dir='ltr'>visus,</span> <span class='ocrx_word' id='word_1_192' title='bbox 1452 2231 1661 2332; x_wconf 88' lang='lat' dir='ltr'>quibusque</span> <span class='ocrx_word' id='word_1_193' title='bbox 1687 2261 1757 2310; x_wconf 88' lang='lat' dir='ltr'>tam</span> <span class='ocrx_word' id='word_1_194' title='bbox 1772 2234 1831 2332; x_wconf 85' lang='lat' dir='ltr'>tlu-</span> 
     </span>
     <span class='ocr_line' id='line_1_21' title="bbox 403 2329 1831 2434; baseline 0.004 -26"><span class='ocrx_word' id='word_1_195' title='bbox 403 2332 463 2408; x_wconf 88' lang='lat' dir='ltr'>bia</span> <span class='ocrx_word' id='word_1_196' title='bbox 483 2332 690 2434; x_wconf 85' lang='lat' dir='ltr'>incertaque</span> <span class='ocrx_word' id='word_1_197' title='bbox 719 2329 1020 2406; x_wconf 88' lang='lat' dir='ltr'>incunabulorum</span> <span class='ocrx_word' id='word_1_198' title='bbox 1040 2329 1238 2430; x_wconf 79' lang='lat' dir='ltr'>patriorum</span> <span class='ocrx_word' id='word_1_199' title='bbox 1267 2329 1414 2408; x_wconf 84' lang='lat' dir='ltr'>historia</span> <span class='ocrx_word' id='word_1_200' title='bbox 1440 2334 1570 2410; x_wconf 88' lang='lat' dir='ltr'>merito</span> <span class='ocrx_word' id='word_1_201' title='bbox 1599 2334 1831 2414; x_wconf 84' lang='lat' dir='ltr'>incitamento</span> 
     </span>
     <span class='ocr_line' id='line_1_22' title="bbox 403 2428 1830 2538; baseline 0.001 -28"><span class='ocrx_word' id='word_1_202' title='bbox 403 2433 488 2527; x_wconf 87' lang='lat' dir='ltr'>suit,</span> <span class='ocrx_word' id='word_1_203' title='bbox 515 2457 552 2509; x_wconf 91' lang='lat' dir='ltr'>ut</span> <span class='ocrx_word' id='word_1_204' title='bbox 570 2433 643 2510; x_wconf 88' lang='lat' dir='ltr'>aliis</span> <span class='ocrx_word' id='word_1_205' title='bbox 661 2431 889 2531; x_wconf 84' lang='lat' dir='ltr'>exquirendis</span> <span class='ocrx_word' id='word_1_206' title='bbox 910 2457 985 2508; x_wconf 92' lang='lat' dir='ltr'>non</span> <span class='ocrx_word' id='word_1_207' title='bbox 1006 2428 1250 2532; x_wconf 84' lang='lat' dir='ltr'>poenitendtm</span> <span class='ocrx_word' id='word_1_208' title='bbox 1270 2434 1430 2509; x_wconf 84' lang='lat' dir='ltr'>locarent</span> <span class='ocrx_word' id='word_1_209' title='bbox 1449 2461 1615 2538; x_wconf 74' lang='lat' dir='ltr'>opernm.</span> <span class='ocrx_word' id='word_1_210' title='bbox 1669 2441 1718 2513; x_wconf 89' lang='lat' dir='ltr'>Et</span> <span class='ocrx_word' id='word_1_211' title='bbox 1731 2463 1830 2538; x_wconf 81' lang='lat' dir='ltr'>quan·</span> 
     </span>
    </p>
   </div>
   <div class='ocr_carea' id='block_1_3' title="bbox 347 2529 1832 2648">
    <p class='ocr_par' dir='ltr' id='par_1_4' title="bbox 347 2529 1832 2648">
     <span class='ocr_line' id='line_1_23' title="bbox 347 2529 1832 2648; baseline 0.002 -38"><span class='ocrx_word' id='word_1_212' title='bbox 347 2570 360 2598; x_wconf 65' lang='grc' dir='ltr'>π</span> <span class='ocrx_word' id='word_1_213' title='bbox 405 2563 513 2648; x_wconf 76' lang='lat' dir='ltr'>quarn</span> <span class='ocrx_word' id='word_1_214' title='bbox 539 2534 596 2610; x_wconf 89' lang='lat' dir='ltr'>lris</span> <span class='ocrx_word' id='word_1_215' title='bbox 623 2531 836 2612; x_wconf 85' lang='lat' dir='ltr'>testimoniis</span> <span class='ocrx_word' id='word_1_216' title='bbox 866 2529 940 2628; x_wconf 79' lang='lat' dir='ltr'>jure</span> <span class='ocrx_word' id='word_1_217' title='bbox 969 2529 1135 2607; x_wconf 82' lang='lat' dir='ltr'>abstineri</span> <span class='ocrx_word' id='word_1_218' title='bbox 1159 2529 1305 2636; x_wconf 87' lang='lat' dir='ltr'>potuit,</span> <span class='ocrx_word' id='word_1_219' title='bbox 1338 2534 1440 2634; x_wconf 88' lang='lat' dir='ltr'>quod</span> <span class='ocrx_word' id='word_1_220' title='bbox 1463 2537 1711 2640; x_wconf 85' lang='lat' dir='ltr'>posteriorum</span> <span class='ocrx_word' id='word_1_221' title='bbox 1740 2565 1832 2616; x_wconf 76' lang='lat' dir='ltr'>tant</span> 
     </span>
    </p>
   </div>
   <div class='ocr_carea' id='block_1_4' title="bbox 405 2629 1831 2946">
    <p class='ocr_par' dir='ltr' id='par_1_5' title="bbox 405 2629 1831 2946">
     <span class='ocr_line' id='line_1_24' title="bbox 406 2629 1831 2740; baseline 0.005 -28"><span class='ocrx_word' id='word_1_222' title='bbox 406 2635 601 2740; x_wconf 82' lang='lat' dir='ltr'>opiniones</span> <span class='ocrx_word' id='word_1_223' title='bbox 625 2633 718 2711; x_wconf 91' lang='lat' dir='ltr'>nihil</span> <span class='ocrx_word' id='word_1_224' title='bbox 745 2631 945 2708; x_wconf 88' lang='lat' dir='ltr'>fulcimenti</span> <span class='ocrx_word' id='word_1_225' title='bbox 963 2629 1105 2710; x_wconf 83' lang='lat' dir='ltr'>vetustis</span> <span class='ocrx_word' id='word_1_226' title='bbox 1132 2633 1235 2709; x_wconf 87' lang='lat' dir='ltr'>rebus</span> <span class='ocrx_word' id='word_1_227' title='bbox 1260 2639 1471 2730; x_wconf 85' lang='lat' dir='ltr'>conferant,</span> <span class='ocrx_word' id='word_1_228' title='bbox 1498 2662 1623 2716; x_wconf 82' lang='lat' dir='ltr'>tamen</span> <span class='ocrx_word' id='word_1_229' title='bbox 1648 2666 1731 2716; x_wconf 91' lang='lat' dir='ltr'>cum</span> <span class='ocrx_word' id='word_1_230' title='bbox 1749 2643 1831 2719; x_wconf 88' lang='lat' dir='ltr'>Col·</span> 
     </span>
     <span class='ocr_line' id='line_1_25' title="bbox 405 2732 1831 2842; baseline 0.001 -28"><span class='ocrx_word' id='word_1_231' title='bbox 405 2740 487 2842; x_wconf 85' lang='lat' dir='ltr'>lega</span> <span class='ocrx_word' id='word_1_232' title='bbox 513 2763 591 2813; x_wconf 88' lang='lat' dir='ltr'>tuus</span> <span class='ocrx_word' id='word_1_233' title='bbox 613 2737 723 2815; x_wconf 86' lang='lat' dir='ltr'>verba</span> <span class='ocrx_word' id='word_1_234' title='bbox 747 2732 941 2810; x_wconf 87' lang='lat' dir='ltr'>Prodromi</span> <span class='ocrx_word' id='word_1_235' title='bbox 961 2759 1045 2836; x_wconf 83' lang='lat' dir='ltr'>pag.</span> <span class='ocrx_word' id='word_1_236' title='bbox 1070 2755 1126 2828; x_wconf 78' lang='lat'>50.</span> <span class='ocrx_word' id='word_1_237' title='bbox 1147 2739 1183 2809; x_wconf 83' lang='lat' dir='ltr'>dc</span> <span class='ocrx_word' id='word_1_238' title='bbox 1207 2761 1291 2830; x_wconf 88' lang='lat' dir='ltr'>5r.,</span> <span class='ocrx_word' id='word_1_239' title='bbox 1321 2761 1390 2836; x_wconf 83' lang='lat' dir='ltr'>qua</span> <span class='ocrx_word' id='word_1_240' title='bbox 1411 2735 1507 2815; x_wconf 84' lang='lat' dir='ltr'>dixi:</span> <span class='ocrx_word' id='word_1_241' title='bbox 1537 2744 1646 2816; x_wconf 75' lang='lat' dir='ltr'>Hodie</span> <span class='ocrx_word' id='word_1_242' title='bbox 1668 2774 1729 2816; x_wconf 75' lang='lat' dir='ltr'>nan</span> <span class='ocrx_word' id='word_1_243' title='bbox 1743 2745 1831 2842; x_wconf 69' lang='lat' dir='ltr'>deq}</span> 
     </span>
     <span class='ocr_line' id='line_1_26' title="bbox 405 2839 1823 2946; baseline 0.001 -32"><span class='ocrx_word' id='word_1_244' title='bbox 405 2847 546 2931; x_wconf 78' lang='lat' dir='ltr'>criticos,</span> <span class='ocrx_word' id='word_1_245' title='bbox 562 2853 619 2945; x_wconf 81' lang='lat' dir='ltr'>qul</span> <span class='ocrx_word' id='word_1_246' title='bbox 637 2867 756 2914; x_wconf 81' lang='lat' dir='ltr'>omnem</span> <span class='ocrx_word' id='word_1_247' title='bbox 777 2841 885 2911; x_wconf 78' lang='lat' dir='ltr'>Cucht&#39;</span> <span class='ocrx_word' id='word_1_248' title='bbox 909 2846 1090 2911; x_wconf 74' lang='lat' dir='ltr'>memorium</span> <span class='ocrx_word' id='word_1_249' title='bbox 1117 2845 1198 2909; x_wconf 80' lang='lat' dir='ltr'>inter</span> <span class='ocrx_word' id='word_1_250' title='bbox 1221 2843 1317 2911; x_wconf 79' lang='lat' dir='ltr'>aniles</span> <span class='ocrx_word' id='word_1_251' title='bbox 1333 2839 1451 2946; x_wconf 69' lang='lat' dir='ltr'>fabulas</span> <span class='ocrx_word' id='word_1_252' title='bbox 1467 2845 1613 2935; x_wconf 79' lang='lat' dir='ltr'>reserent,</span> <span class='ocrx_word' id='word_1_253' title='bbox 1641 2841 1823 2929; x_wconf 68' lang='lat' dir='ltr'>cavilletur,</span> 
     </span>
    </p>
   </div>
   <div class='ocr_carea' id='block_1_5' title="bbox 191 2907 1827 3043">
    <p class='ocr_par' dir='ltr' id='par_1_6' title="bbox 191 2907 1827 3043">
     <span class='ocr_line' id='line_1_27' title="bbox 191 2907 1827 3043; baseline -0.003 -23"><span class='ocrx_word' id='word_1_254' title='bbox 191 2975 193 2982; x_wconf 91' lang='lat'>·</span> <span class='ocrx_word' id='word_1_255' title='bbox 291 2981 294 2984; x_wconf 95' lang='lat'>·</span> <span class='ocrx_word' id='word_1_256' title='bbox 402 2939 655 3041; x_wconf 67' lang='lat' dir='ltr'>stercasticeqtre</span> <span class='ocrx_word' id='word_1_257' title='bbox 679 2939 889 3040; x_wconf 79' lang='lat' dir='ltr'>subjungat:</span> <span class='ocrx_word' id='word_1_258' title='bbox 918 2939 973 3020; x_wconf 69' lang='lat' dir='ltr'>(a)</span> <span class='ocrx_word' id='word_1_259' title='bbox 998 2943 1033 3012; x_wconf 75' lang='lat' dir='ltr'>St</span> <span class='ocrx_word' id='word_1_260' title='bbox 1059 2941 1190 3034; x_wconf 79' lang='lat' dir='ltr'>Gelussttr</span> <span class='ocrx_word' id='word_1_261' title='bbox 1212 2949 1339 3016; x_wconf 68' lang='lat' dir='ltr'>norisius</span> <span class='ocrx_word' id='word_1_262' title='bbox 1365 2907 1546 3043; x_wconf 75' lang='lat' dir='ltr'>hujusmodi</span> <span class='ocrx_word' id='word_1_263' title='bbox 1571 2955 1759 3040; x_wconf 59' lang='lat' dir='ltr'>&amp;stim</span> <span class='ocrx_word' id='word_1_264' title='bbox 1782 2953 1827 3019; x_wconf 78' lang='lat' dir='ltr'>lsit</span> 
     </span>
    </p>
   </div>
   <div class='ocr_carea' id='block_1_6' title="bbox 288 3037 1884 4036">
    <p class='ocr_par' dir='ltr' id='par_1_7' title="bbox 288 3037 1884 3955">
     <span class='ocr_line' id='line_1_28' title="bbox 403 3037 1829 3145; baseline -0.007 -25"><span class='ocrx_word' id='word_1_265' title='bbox 403 3051 453 3120; x_wconf 81' lang='lat' dir='ltr'>vel</span> <span class='ocrx_word' id='word_1_266' title='bbox 472 3044 567 3118; x_wconf 79' lang='lat' dir='ltr'>obiter</span> <span class='ocrx_word' id='word_1_267' title='bbox 583 3037 767 3144; x_wconf 67' lang='lat' dir='ltr'>adnotaffirt,</span> <span class='ocrx_word' id='word_1_268' title='bbox 788 3039 984 3141; x_wconf 68' lang='lat' dir='ltr'>suspicionem</span> <span class='ocrx_word' id='word_1_269' title='bbox 997 3043 1109 3136; x_wconf 82' lang='lat' dir='ltr'>procul</span> <span class='ocrx_word' id='word_1_270' title='bbox 1124 3039 1214 3112; x_wconf 77' lang='lat' dir='ltr'>dulit</span> <span class='ocrx_word' id='word_1_271' title='bbox 1237 3041 1393 3144; x_wconf 75' lang='lat' dir='ltr'>effitgrffet,</span> <span class='ocrx_word' id='word_1_272' title='bbox 1420 3042 1481 3141; x_wconf 66' lang='lat' dir='ltr'>nsi</span> <span class='ocrx_word' id='word_1_273' title='bbox 1500 3049 1584 3143; x_wconf 78' lang='lat' dir='ltr'>nihil</span> <span class='ocrx_word' id='word_1_274' title='bbox 1604 3045 1829 3145; x_wconf 66' lang='lat' dir='ltr'>commins&#39;srm.</span> 
     </span>
     <span class='ocr_line' id='line_1_29' title="bbox 404 3139 1828 3242; baseline 0.001 -22"><span class='ocrx_word' id='word_1_275' title='bbox 404 3148 440 3220; x_wconf 78' lang='lat' dir='ltr'>dt·</span> <span class='ocrx_word' id='word_1_276' title='bbox 463 3145 592 3218; x_wconf 73' lang='lat' dir='ltr'>libidine</span> <span class='ocrx_word' id='word_1_277' title='bbox 605 3146 764 3242; x_wconf 75' lang='lat' dir='ltr'>ptolatum</span> <span class='ocrx_word' id='word_1_278' title='bbox 789 3143 848 3237; x_wconf 80' lang='lat' dir='ltr'>effe.</span> <span class='ocrx_word' id='word_1_279' title='bbox 915 3140 1057 3219; x_wconf 85' lang='lat' dir='ltr'>Merito</span> <span class='ocrx_word' id='word_1_280' title='bbox 1073 3164 1120 3216; x_wconf 88' lang='lat' dir='ltr'>ne</span> <span class='ocrx_word' id='word_1_281' title='bbox 1140 3139 1335 3218; x_wconf 83' lang='lat' dir='ltr'>verborum</span> <span class='ocrx_word' id='word_1_282' title='bbox 1362 3143 1475 3220; x_wconf 89' lang='lat' dir='ltr'>solum</span> <span class='ocrx_word' id='word_1_283' title='bbox 1504 3144 1649 3223; x_wconf 89' lang='lat' dir='ltr'>institor</span> <span class='ocrx_word' id='word_1_284' title='bbox 1668 3145 1828 3234; x_wconf 66' lang='lat' dir='ltr'>aellimen</span> 
     </span>
     <span class='ocr_line' id='line_1_30' title="bbox 401 3243 1828 3348; baseline 0 -27"><span class='ocrx_word' id='word_1_285' title='bbox 401 3245 474 3344; x_wconf 81' lang='lat' dir='ltr'>jam</span> <span class='ocrx_word' id='word_1_286' title='bbox 496 3243 548 3320; x_wconf 81' lang='lat' dir='ltr'>hrt</span> <span class='ocrx_word' id='word_1_287' title='bbox 566 3265 670 3320; x_wconf 79' lang='lat' dir='ltr'>noroe</span> <span class='ocrx_word' id='word_1_288' title='bbox 689 3264 922 3339; x_wconf 89' lang='lat' dir='ltr'>recentesque</span> <span class='ocrx_word' id='word_1_289' title='bbox 938 3265 1117 3342; x_wconf 81' lang='lat' dir='ltr'>germnnae</span> <span class='ocrx_word' id='word_1_290' title='bbox 1137 3243 1271 3317; x_wconf 81' lang='lat' dir='ltr'>merces</span> <span class='ocrx_word' id='word_1_291' title='bbox 1292 3243 1521 3345; x_wconf 64' lang='lat' dir='ltr'>proferenda</span> <span class='ocrx_word' id='word_1_292' title='bbox 1548 3245 1642 3323; x_wconf 91' lang='lat' dir='ltr'>sunt.</span> <span class='ocrx_word' id='word_1_293' title='bbox 1696 3247 1828 3348; x_wconf 80' lang='lat' dir='ltr'>Esqui-</span> 
     </span>
     <span class='ocr_line' id='line_1_31' title="bbox 402 3339 1829 3453; baseline 0.003 -31"><span class='ocrx_word' id='word_1_294' title='bbox 402 3345 487 3424; x_wconf 90' lang='lat' dir='ltr'>dem</span> <span class='ocrx_word' id='word_1_295' title='bbox 518 3367 562 3422; x_wconf 87' lang='lat' dir='ltr'>an</span> <span class='ocrx_word' id='word_1_296' title='bbox 590 3341 811 3422; x_wconf 83' lang='lat' dir='ltr'>stomachum</span> <span class='ocrx_word' id='word_1_297' title='bbox 835 3339 927 3418; x_wconf 92' lang='lat' dir='ltr'>mihi</span> <span class='ocrx_word' id='word_1_298' title='bbox 956 3367 1036 3418; x_wconf 94' lang='lat' dir='ltr'>non</span> <span class='ocrx_word' id='word_1_299' title='bbox 1065 3361 1244 3430; x_wconf 85' lang='lat' dir='ltr'>moveat,</span> <span class='ocrx_word' id='word_1_300' title='bbox 1274 3365 1410 3422; x_wconf 88' lang='lat' dir='ltr'>temere</span> <span class='ocrx_word' id='word_1_301' title='bbox 1436 3345 1526 3422; x_wconf 88' lang='lat' dir='ltr'>mihi</span> <span class='ocrx_word' id='word_1_302' title='bbox 1552 3349 1748 3453; x_wconf 85' lang='lat' dir='ltr'>uCollega</span> <span class='ocrx_word' id='word_1_303' title='bbox 1772 3375 1829 3426; x_wconf 90' lang='lat' dir='ltr'>tuo</span> 
     </span>
     <span class='ocr_line' id='line_1_32' title="bbox 288 3439 1828 3550; baseline 0.003 -27"><span class='ocrx_word' id='word_1_304' title='bbox 288 3485 296 3500; x_wconf 81' lang='lat'><em>·</em></span> <span class='ocrx_word' id='word_1_305' title='bbox 400 3447 650 3550; x_wconf 78' lang='lat' dir='ltr'>tomrnlm&#39;scendr‘</span> <span class='ocrx_word' id='word_1_306' title='bbox 675 3445 834 3521; x_wconf 70' lang='lat' dir='ltr'>libidinem</span> <span class='ocrx_word' id='word_1_307' title='bbox 861 3439 1040 3546; x_wconf 83' lang='lat' dir='ltr'>impingi,</span> <span class='ocrx_word' id='word_1_308' title='bbox 1067 3443 1167 3544; x_wconf 88' lang='lat' dir='ltr'>quod</span> <span class='ocrx_word' id='word_1_309' title='bbox 1189 3445 1295 3545; x_wconf 82' lang='lat' dir='ltr'>plane</span> <span class='ocrx_word' id='word_1_310' title='bbox 1321 3445 1389 3522; x_wconf 84' lang='lat' dir='ltr'>hac</span> <span class='ocrx_word' id='word_1_311' title='bbox 1413 3445 1828 3528; x_wconf 80' lang='lat' dir='ltr'>oratione‘Criticorum</span> 
     </span>
     <span class='ocr_line' id='line_1_33' title="bbox 400 3543 1884 3648; baseline -0.002 -16"><span class='ocrx_word' id='word_1_312' title='bbox 400 3551 552 3632; x_wconf 81' lang='lat' dir='ltr'>nomina</span> <span class='ocrx_word' id='word_1_313' title='bbox 570 3549 647 3626; x_wconf 89' lang='lat' dir='ltr'>noir</span> <span class='ocrx_word' id='word_1_314' title='bbox 665 3543 935 3642; x_wconf 77' lang='lat' dir='ltr'>adnotaverin13</span> <span class='ocrx_word' id='word_1_315' title='bbox 954 3543 1066 3648; x_wconf 82' lang='lat' dir='ltr'>quidsi</span> <span class='ocrx_word' id='word_1_316' title='bbox 1082 3543 1154 3622; x_wconf 83' lang='lat' dir='ltr'>alio</span> <span class='ocrx_word' id='word_1_317' title='bbox 1168 3543 1428 3624; x_wconf 85' lang='lat' dir='ltr'>&amp;vicinislimo</span> <span class='ocrx_word' id='word_1_318' title='bbox 1441 3551 1525 3625; x_wconf 90' lang='lat' dir='ltr'>loco</span> <span class='ocrx_word' id='word_1_319' title='bbox 1540 3549 1718 3644; x_wconf 77' lang='lat' dir='ltr'>adnotavi</span> <span class='ocrx_word' id='word_1_320' title='bbox 1730 3558 1742 3630; x_wconf 71' lang='grc' dir='ltr'>ἓ</span> <span class='ocrx_word' id='word_1_321' title='bbox 1755 3581 1829 3630; x_wconf 90' lang='lat' dir='ltr'>mu·</span> <span class='ocrx_word' id='word_1_322' title='bbox 1879 3627 1884 3641; x_wconf 81' lang='grc'><strong>,</strong></span> 
     </span>
     <span class='ocr_line' id='line_1_34' title="bbox 400 3643 1827 3752; baseline 0.001 -23"><span class='ocrx_word' id='word_1_323' title='bbox 400 3652 553 3730; x_wconf 90' lang='lat' dir='ltr'>tilumne</span> <span class='ocrx_word' id='word_1_324' title='bbox 572 3646 833 3740; x_wconf 70' lang='lat' dir='ltr'>manibus,‘aut</span> <span class='ocrx_word' id='word_1_325' title='bbox 856 3648 985 3724; x_wconf 87' lang='lat' dir='ltr'>orbum</span> <span class='ocrx_word' id='word_1_326' title='bbox 1003 3643 1113 3722; x_wconf 90' lang='lat' dir='ltr'>oculis</span> <span class='ocrx_word' id='word_1_327' title='bbox 1131 3644 1336 3748; x_wconf 83' lang='lat' dir='ltr'>prospicere</span> <span class='ocrx_word' id='word_1_328' title='bbox 1356 3648 1460 3752; x_wconf 93' lang='lat' dir='ltr'>potui</span> <span class='ocrx_word' id='word_1_329' title='bbox 1480 3649 1638 3728; x_wconf 88' lang='lat' dir='ltr'>futurum</span> <span class='ocrx_word' id='word_1_330' title='bbox 1657 3656 1827 3732; x_wconf 75' lang='lat' dir='ltr'>lectorem</span> 
     </span>
     <span class='ocr_line' id='line_1_35' title="bbox 399 3745 1826 3856; baseline 0.001 -25"><span class='ocrx_word' id='word_1_331' title='bbox 399 3779 548 3850; x_wconf 85' lang='lat' dir='ltr'>meum,</span> <span class='ocrx_word' id='word_1_332' title='bbox 571 3749 632 3828; x_wconf 89' lang='lat' dir='ltr'>cui</span> <span class='ocrx_word' id='word_1_333' title='bbox 649 3749 771 3824; x_wconf 83' lang='lat' dir='ltr'>omnia</span> <span class='ocrx_word' id='word_1_334' title='bbox 797 3745 835 3824; x_wconf 94' lang='lat' dir='ltr'>in</span> <span class='ocrx_word' id='word_1_335' title='bbox 855 3772 894 3823; x_wconf 92' lang='lat' dir='ltr'>os</span> <span class='ocrx_word' id='word_1_336' title='bbox 912 3747 981 3824; x_wconf 90' lang='lat' dir='ltr'>srnt</span> <span class='ocrx_word' id='word_1_337' title='bbox 1006 3745 1227 3848; x_wconf 67' lang='lat' dir='ltr'>ingerendas</span> <span class='ocrx_word' id='word_1_338' title='bbox 1253 3747 1331 3825; x_wconf 83' lang='lat' dir='ltr'>Puri</span> <span class='ocrx_word' id='word_1_339' title='bbox 1350 3777 1431 3827; x_wconf 87' lang='lat' dir='ltr'>cunr</span> <span class='ocrx_word' id='word_1_340' title='bbox 1449 3751 1606 3856; x_wconf 79' lang='lat' dir='ltr'>Virgilio</span> <span class='ocrx_word' id='word_1_341' title='bbox 1631 3753 1826 3832; x_wconf 82' lang='lat' dir='ltr'>acrimonia</span> 
     </span>
     <span class='ocr_line' id='line_1_36' title="bbox 401 3845 1824 3955; baseline 0 -23"><span class='ocrx_word' id='word_1_342' title='bbox 401 3877 514 3934; x_wconf 72' lang='lat' dir='ltr'>utor:</span> <span class='ocrx_word' id='word_1_343' title='bbox 564 3863 635 3932; x_wconf 81' lang='lat' dir='ltr'>Nun</span> <span class='ocrx_word' id='word_1_344' title='bbox 653 3861 791 3928; x_wconf 77' lang='lat' dir='ltr'>canimus</span> <span class='ocrx_word' id='word_1_345' title='bbox 804 3848 914 3950; x_wconf 75' lang='lat' dir='ltr'>findis</span> <span class='ocrx_word' id='word_1_346' title='bbox 932 3849 980 3933; x_wconf 71' lang='lat' dir='ltr'>(l)</span> <span class='ocrx_word' id='word_1_347' title='bbox 1006 3873 1086 3926; x_wconf 89' lang='lat' dir='ltr'>non</span> <span class='ocrx_word' id='word_1_348' title='bbox 1105 3845 1333 3952; x_wconf 76' lang='lat' dir='ltr'>scriphmus,</span> <span class='ocrx_word' id='word_1_349' title='bbox 1357 3851 1535 3955; x_wconf 83' lang='lat' dir='ltr'>inquam,</span> <span class='ocrx_word' id='word_1_350' title='bbox 1562 3852 1627 3931; x_wconf 92' lang='lat' dir='ltr'>nist</span> <span class='ocrx_word' id='word_1_351' title='bbox 1650 3855 1824 3934; x_wconf 84' lang='lat' dir='ltr'>audienti·</span> 
     </span>
    </p>

    <p class='ocr_par' dir='ltr' id='par_1_8' title="bbox 905 3960 1775 4036">
     <span class='ocr_line' id='line_1_37' title="bbox 905 3960 1775 4036; baseline -0.013 9"><span class='ocrx_word' id='word_1_352' title='bbox 905 3991 912 4010; x_wconf 83' lang='lat'><strong>·</strong></span> <span class='ocrx_word' id='word_1_353' title='bbox 1712 3960 1775 4036; x_wconf 90' lang='lat' dir='ltr'>bus</span> 
     </span>
    </p>
   </div>
   <div class='ocr_carea' id='block_1_7' title="bbox 439 4159 1821 4354">
    <p class='ocr_par' dir='ltr' id='par_1_9' title="bbox 439 4159 1821 4354">
     <span class='ocr_line' id='line_1_38' title="bbox 439 4159 1821 4354; baseline 0.002 -94"><span class='ocrx_word' id='word_1_354' title='bbox 439 4195 487 4282; x_wconf 77' lang='lat' dir='ltr'>(a)</span> <span class='ocrx_word' id='word_1_355' title='bbox 508 4195 864 4354; x_wconf 46' lang='lat' dir='ltr'>ssffiffisslmuffimi</span> <span class='ocrx_word' id='word_1_356' title='bbox 879 4195 1037 4262; x_wconf 74' lang='lat' dir='ltr'>adstarem</span> <span class='ocrx_word' id='word_1_357' title='bbox 1051 4176 1206 4262; x_wconf 79' lang='lat' dir='ltr'>hllloriaru.</span> <span class='ocrx_word' id='word_1_358' title='bbox 1221 4189 1293 4266; x_wconf 65' lang='grc' dir='ltr'>Βοὴ.</span> <span class='ocrx_word' id='word_1_359' title='bbox 1303 4195 1375 4263; x_wconf 75' lang='lat' dir='ltr'>seu.</span> <span class='ocrx_word' id='word_1_360' title='bbox 1388 4212 1418 4282; x_wconf 83' lang='lat'>3.</span> <span class='ocrx_word' id='word_1_361' title='bbox 1429 4217 1494 4285; x_wconf 75' lang='lat' dir='ltr'>pag.</span> <span class='ocrx_word' id='word_1_362' title='bbox 1505 4197 1621 4265; x_wconf 73' lang='lat' dir='ltr'>mu.</span> <span class='ocrx_word' id='word_1_363' title='bbox 1669 4197 1720 4282; x_wconf 80' lang='lat' dir='ltr'>(b)</span> <span class='ocrx_word' id='word_1_364' title='bbox 1739 4159 1821 4288; x_wconf 74' lang='lat' dir='ltr'>llirg.</span> 
     </span>
    </p>
   </div>
   <div class='ocr_carea' id='block_1_8' title="bbox 1422 4423 1434 4455">
    <p class='ocr_par' dir='ltr' id='par_1_10' title="bbox 1422 4423 1434 4455">
     <span class='ocr_line' id='line_1_39' title="bbox 1422 4423 1434 4455; baseline 0 0"><span class='ocrx_word' id='word_1_365' title='bbox 1422 4423 1434 4455; x_wconf 74' lang='grc'><em>1</em></span> 
     </span>
    </p>
   </div>
   <div class='ocr_carea' id='block_1_9' title="bbox 0 0 1912 4820">
    <p class='ocr_par' dir='ltr' id='par_1_11' title="bbox 0 0 1912 4820">
     <span class='ocr_line' id='line_1_40' title="bbox 0 0 1912 4820; baseline 0 5"><span class='ocrx_word' id='word_1_366' title='bbox 0 0 1912 4820; x_wconf 95' lang='lat' dir='ltr'> </span> 
     </span>
    </p>
   </div>
   <div class='ocr_carea' id='block_1_10' title="bbox 1902 2306 1918 4575">
    <p class='ocr_par' dir='ltr' id='par_1_12' title="bbox 1902 2306 1918 4575">
     <span class='ocr_line' id='line_1_41' title="bbox 1902 2306 1918 4575; baseline 0 0"><span class='ocrx_word' id='word_1_367' title='bbox 1902 2306 1918 4575; x_wconf 95' lang='lat' dir='ltr'> </span> 
     </span>
    </p>
   </div>
  </div>
 </body>
</html>
