3852 4844
401 261 449 326 ιο
793 241 798 253 ‘
987 234 1248 314 emron:
1307 330 1311 346 ⁸

396 392 447 481 ub
467 386 632 479 exteris
679 390 822 500 ruptet
839 381 1056 582 effregimn
1073 381 1271 512 nomino
1285 381 1431 476 firmum
1450 385 1659 495 laudatus,
1688 388 1822 504 quiin

396 499 469 590 suo
490 495 637 587 Proto
717 516 836 606 rtyre
892 513 1126 586 oenrtennae
1145 521 1181 582 c.
1203 495 1241 583 6.
1264 523 1303 610 p.
1328 520 1418 613 179.
1437 498 1494 584 itu
1518 499 1683 588 erudite
1703 493 1821 587 dille'-

397 613 476 698 rit:
520 604 890 718 *Porrocoeclicae
913 605 1036 718 genti
1062 624 1161 694 oute
1188 609 1413 694 adventurn
1435 612 1478 694 in
1494 607 1585 694 iras
1607 609 1821 722 Hercyniae

398 721 521 818 Siluae
556 745 653 806 urar
687 721 746 802 ad
766 713 951 824 fluvium
980 713 1116 816 Phostr
1148 713 1243 799 olim
1278 719 1513 818 confidentis
1547 717 1821 821 tuiimonimu

398 833 534 940 reddit
564 829 791 938 Procopius.
863 819 960 910 Nec
985 821 1207 908 immemor
1231 823 1315 910 eris
1337 835 1443 911 lrunc
1469 821 1601 912 iusum
1629 825 1771 912 locum
1796 855 1821 913 a

394 965 467 1026 me
494 935 636 1024 corum
668 933 856 1030 crebrius
881 933 963 1019 tibi
982 928 1105 1017 ¹-fuille
1132 919 1392 1038 indicatum
1431 852 1503 1024 sei
1527 937 1819 1046 pretereunda

272 1127 277 1135 .
394 1049 475 1136 tibi
501 1045 581 1134 fuit
608 1041 894 1154 Bergium,
933 1039 1218 1154 pretereunda
1245 1036 1416 1160 Jonunis
1443 1039 1605 1170 Oppelt
1632 1067 1819 1154 comme

394 1156 597 1259 morano,
627 1173 675 1242 ut
695 1179 751 1240 eo
777 1151 973 1240 licentius
997 1149 1136 1238 omnia
1152 1150 1492 1260 malevolentiae‚
1517 1152 1727 1260 mvidiae,
1758 1155 1818 1241 in·

390 1265 673 1378 juniorumque
698 1262 782 1350 tela
801 1261 845 1348 in
868 1287 939 1348 me
959 1257 1019 1346 fus
1040 1255 1145 1346 ellet
1168 1259 1401 1372 conjicere,
1430 1279 1478 1349 ut
1495 1287 1579 1372 ego
1596 1289 1699 1350 unus
1728 1265 1817 1364 vel·

393 1377 458 1470 uti
474 1373 568 1477 fix,
601 1371 704 1460 Dux
728 1375 957 1497 uuihorque
976 1367 1168 1459 inauditae
1190 1367 1408 1480 sententiae
1432 1373 1552 1460 instar
1569 1396 1707 1484 parvae
1735 1369 1821 1489 sco

289 1529 291 1532 ·
393 1484 526 1613 phulae
554 1483 760 1598 imperite
796 1479 932 1592 plebis
961 1475 1155 1564 ssuilibus
1180 1501 1452 1590 exponetur,
1483 1479 1656 1566 aliorum
1677 1479 1816 1570 miuus

394 1592 439 1682 nr
467 1595 593 1680 rebus
621 1591 801 1704 antiquis
824 1588 1155 1676 exercitatorum
1180 1587 1396 1708 nominum
1418 1588 1660 1704 impetuosis
1676 1583 1818 1704 Aqui

394 1703 561 1804 Ionibus
585 1701 807 1812 objiceret.
865 1693 955 1784 Nili
979 1698 1021 1784 id
1045 1691 1218 1784 fortallrs
1245 1691 1526 1804 graviffimum
1547 1723 1691 1786 meum
1775 1728 1816 1794 c·¹

394 1830 534 1898 carum
549 1811 630 1918 est,
657 1809 771 1923 quod
790 1831 861 1911 ea,
896 1833 987 1921 quae
1011 1803 1126 1918 supra
1151 1809 1374 1897 memorati
1389 1807 1614 1922 scriptores
1642 1725 1817 1896 striiieuu

393 1917 810 2033 finemuplificatione
822 1981 846 2025 ‚.
864 1914 948 2006 fine
966 1914 1296 2004 testimoniomm
1314 1920 1466 2006 robore
1479 1913 1708 2020 allemem,
1728 1944 1815 2027 ego

391 2029 556 2116 idoneis
579 2027 844 2132 Grui'comm¹
875 2021 1206 2136 Latinorumque
1228 2025 1514 2116 historicorum
1531 2023 1814 2114 vetustillinris
1843 2051 1853 2061 ·

390 2137 675 2226 monumentis
690 2131 964 2228 consolidavi:
1021 2131 1200 2232 Quodn
1219 2155 1439 2261 peccatum
1456 2137 1536 2239 eli,
1556 2135 1668 2332 sique
1685 2161 1815 2250 parva

390 2249 553 2362 mugnis
577 2243 776 2351 ¹conferre
811 2244 939 2356 licet,
955 2271 1032 2332 -nae
1058 2262 1253 2357 peccavit
1278 2247 1467 2338 maxime
1493 2244 1594 2350 Chri
1626 2255 1812 2360 opnorus

393 2357 646 2464 ColumbuS‚
676 2353 751 2471 qui
779 2380 875 2479 cum
895 2354 1153 2444 creberrime
1180 2353 1225 2441 in
1242 2353 1409 2468 Geogro
1425 2357 1502 2444 >his
1527 2355 1567 2443 le
1599 2352 1692 2448 illet
1752 2371 1843 2443 at·.
1912 2263 1920 2454 i

262 2486 271 2495 '
392 2491 523 2580 quen
539 2465 725 2580 pluribus
752 2484 818 2552 rer
837 2465 1012 2552 nauticae
1035 2463 1188 2577 ‘peritis
1214 2384 1520 2573 intellexillet‚
1559 2381 1815 2560 ‹ienteicere
1917 2493 1919 2580 l

391 2577 521 2664 adhuc
536 2601 615 2688 per
633 2573 760 2660 muris
776 2573 995 2661 intervalli
1021 2573 1214 2686 quasdam
1230 2573 1464 2686 incognitus
1483 2573 1628 2666 mundi
1645 2573 1811 2688 plagas,
1856 2589 1863 2612 “
1915 2589 1919 2702 j

388 2686 441 2773 ud
465 2711 536 2779 eas
555 2682 814 2793 detegendas
833 2683 991 2795 primus
1008 2681 1196 2768 omnium
1214 2681 1397 2768 animum
1415 2683 1584 2798 appulit.
1805 2717 1812 2726 ·
1860 2703 1864 2712 ·
1917 2703 1919 2720 ²

502 2789 668 2883 Verum
687 2789 788 2906 quid
817 2788 943 2878 caul'ae
973 2789 1054 2899 est,
1086 2793 1198 2904 quud
1224 2809 1472 2906 tantoopere
1498 2793 1629 2882 bilem
1654 2791 1735 2880 tibi
1762 2792 1812 2886 in
1862 2844 1865 2854 ·
1914 2799 1919 2902 ἑ

390 2927 511 2991 nares
530 2903 673 3011 ·cieat,‘
704 2925 799 2986 curu
815 2900 1031 2994 Czechum
1056 2902 1321 2991 conditorem
1347 2902 1488 3012 gentis
1511 2902 1656 2994 nostrae
1683 2928 1737 2989 ne
1769 2929 1812 2990 a·

388 3008 469 3101 vi?
499 3038 596 3100 cum
643 3036 747 3100 raero
777 3011 932 3098 anuum
948 3018 1051 3098 hanc
1070 3011 1209 3123 potius
1225 3007 1494 3101 vetustillimo
1517 3011 1703 3126 olimque
1764 3037 1809 3098 e-
1860 3032 1864 3041 ·
1913 3027 1918 3116 <j

388 3120 515 3231 gibus,
544 3037 691 3210 inclito
766 3125 990 3209 eochorum
1015 3120 1065 3208 ud
1091 3113 1289 3208 Paludem
1309 3117 1558 3230 *Maeotydis
1595 3119 1808 3214 accolenti
1917 3149 1918 3154 ‘

388 3228 544 3342 populo
566 3223 812 3316 vindicavi?
849 3333 858 3352 .
894 3223 1115 3352 Quantum
1141 3228 1382 3342 reipublice
1406 3231 1576 3357 nostru²
1605 3244 1806 3360 quantum
1916 3239 1918 3276 ²

274 3371 277 3374 ·
385 3355 460 3425 tua
485 3338 679 3442 interest,
700 3347 778 3424 nos
798 3363 862 3426 on
893 3363 1005 3424 mem
1033 3335 1106 3430 seu
1124 3363 1145 3422 a
1161 3335 1334 3426 Czecho
1350 3333 1422 3427 seu
1445 3335 1598 3428 Zechrs
1620 3339 1701 3434 ruis
1729 3365 1804 3426 ve·

383 3447 551 3534 teribus
569 3439 773 3534 truxiss'e?
876 3445 1060 3535 eminine
1085 3463 1258 3559 propter
1278 3449 1528 3536 stomachum
1556 3465 1674 3548 tuum
1691 3447 1805 3534 veri·-
1916 3547 1917 3552 Ν

387 3571 521 3645 tatem
530 3555 741 3671 inquirere
750 3553 901 3644 liceat?
930 3552 1097 3644 Mihine
1113 3554 1318 3668 piaculum
1326 3551 1453 3646 fucrit
1462 3557 1676 3646 Ozechum
1684 3563 1807 3646 tuum

387 3667 662 3778 impugnare,
693 3665 765 3795 qui
782 3665 826 3752 in
842 3661 1004 3755 historio
1021 3689 1228 3778 nunquam
1256 3665 1529 3779 municipium
1554 3661 1805 3758 consecutus

390 3771 482 3864 est?
512 3776 585 3888 qui
609 3771 784 3864 fietrum
803 3776 974 3862 Boemm
997 3774 1069 3862 ille
1089 3771 1251 3864 Cosmae
1271 3771 1372 3884 fuit,
1401 3801 1457 3864 ne
1483 3776 1654 3892 quidem
1676 3775 1804 3866 tradi·

389 3883 520 3972 tionis
535 3880 744 3994 cujusdam
760 3882 928 3978 veteris·
944 3909 1101 3982 nomen
1123 3883 1299 3988 meritus
1318 3885 1412 3989 est,
1441 3911 1538 3978 curn
1563 3881 1733 3973 Cosmus
1755 3881 1820 3974 se·

390 4007 490 4083 eum
512 3990 671 4086 nonnill
687 4017 747 4081 ex
764 3993 904 4104 fenum
914 3993 1106 4106 fabuloſso
1128 3994 1324 4083 relatione
1346 3991 1548 4111 accepille
1564 3993 1805 4097 luculenter

237 4174 243 4181 .
389 4104 560 4196 testatus
583 4100 644 4200 lit.
702 4098 822 4196 Itane
840 4101 934 4220 quia
954 4119 1003 4200 tu
1016 4105 1220 4223 paucique
1235 4103 1496 4208 conitiorum
1511 4097 1804 4303 tuoruqzsqcii
1913 4193 1915 4210 .
