3820 4820
305 243 323 314 ’.
369 234 513 316 Rima
539 237 565 312 l.
594 235 913 314 llantuxroura
939 233 983 312 ll.
1010 233 1042 330 5.
1061 238 1169 314 xlv,
1416 257 1487 332 295

69 389 217 468 faciunt.
263 393 387 466 Patere
404 415 494 466 vero
520 413 558 466 ot
580 387 829 480 manibustuis
854 383 1032 480 lucerna'm
1057 387 1242 480 eximam,
1267 383 1417 492 ipseque
1435 391 1488 466 lu·
1504 399 1675 484 Luam,

1 585 2 591 γ
69 519 151 570 cem
174 491 221 569 fic
247 481 548 580 accommodem,
577 517 614 568 ur
637 490 714 592 quis
738 489 920 591 qualiaque
942 488 983 564 lit
1007 489 1147 582 codex,
1184 513 1242 566 out
1263 491 1358 584 cujus
1381 490 1486 567 etatis

69 590 111 668 fit
131 593 203 668 lroc
225 591 471 678 Chronicon‚
500 589 621 668 clarius
649 593 903 694 cognoscatur.
968 591 1015 665 Et
1033 589 1178 690 quidem
1205 615 1392 692 autequam
1421 617 1488 670 co·

70 690 190 769 dicem
211 696 308 770 hunc
328 690 484 796 ,penitius
500 697 749 796 contempler,
773 689 904 769 uideris
923 689 1012 766 milri
1028 690 1171 768 Lucifer
1189 717 1326 768 nouam
1347 695 1498 795 prorsus¹

68 802 107 871 δι
127 792 366 870 admiratione
390 793 522 868 summa
543 791 690 894 dignam
707 820 783 868 rem
800 817 964 878 narrare,
993 790 1078 866 dum
1096 791 1190 870 aliud
1209 793 1348 872 Cosmae
1365 796 1489 871 Chro-

66 895 184 974 nicon
211 893 351 988 verbis,
379 891 604 970 historiarum
632 895 749 986 ferie,
777 893 1034 996 Chronologia
1047 950 1059 983 ,
1086 921 1203 970 rerum
1227 921 1281 970 aru
1313 893 1461 972 litudine
1476 952 1492 990 ,

67 1021 326 1096 annorumque
351 993 591 1096 productione
614 1023 634 1073 a
653 1020 745 1083 noto
774 991 837 1068 illo
865 995 1090 1096 vulgatoque
1108 995 1250 1074 Cofma·
1273 924 1491 1088 diatonico,

69 1095 263 1197 quodiam
284 1095 335 1171 bis
354 1120 373 1170 a
391 1095 568 1184 Freher0,
591 1095 699 1174 semel
716 1121 781 1196 per
798 1091 969 1172 serliones
989 1097 1129 1198 Progne,
1153 1095 1282 1174 iterum
1303 1123 1321 1174 a
1337 1095 1491 1174 Menke·

1 1198 2 1205 '
68 1197 138 1274 nio
159 1196 645 1288 T.Lerrcufumlrabemus,
670 1195 709 1273 in
737 1199 851 1271 lucem
881 1194 1031 1296 profers.
1104 1196 1423 1290 (uuifaaumass,
1450 1220 1490 1272 ut

72 1296 227 1376 Cosmus
246 1299 381 1399 duplex
398 1295 578 1384 diuersum
594 1301 697 1376 rebus
718 1297 908 1408 verbisque
931 1297 1148 1378 Chronicou
1177 1297 1373 1401 scripseritl
1427 1295 1490 1376 vi-

71 1400 175 1476 xime
191 1397 339 1475 Cosmus
357 1397 529 1496 usquead
548 1423 678 1476 annum
704 1421 809 1494 ¹330·
821 1423 897 1496 quo
915 1399 1132 1484 Chronicon
1152 1398 1243 1476 istud
1260 1401 1391 1479 eodem
1412 1424 1493 1476 rer·

71 1503 204 1576 borum
221 1523 394 1576 contextu
411 1498 612 1600 procurrit}
639 1499 721 1574 sane
747 1525 816 1598 pro
841 1501 1106 1612 octogenario,
1133 1527 1238 1600 quam
1256 1525 1389 1578 etatem
1415 1496 1492 1603 pas·

71 1600 138 1677 suu
157 1601 189 1676 ci
206 1598 367 1677 historici
384 1601 609 1688 concedunt,
625 1599 694 1694 jam
713 1601 1001 1676 tricentcnarurm
1020 1601 1118 1680 fniffe
1128 1603 1298 1680 Cosmum
1318 1599 1382 1678 tibi
1403 1626 1493 1678 con-

71 1699 277 1778 cedendum
302 1699 382 1776 erit..
439 1701 569 1778 llerum
589 1719 637 1777 ne
658 1703 806 1778 lucerna
850 1697 969 1777 uidem
985 1725 1050 1776 tue
1074 1701 1208 1780 lumine
1226 1701 1317 1778 milri
1338 1726 1492 1806 magno·

73 1829 190 1906 opere
209 1801 388 1878 necessum
408 1799 480 1890 est,
507 1797 674 1904 cognitus
695 1801 783 1878 mihi
802 1729 852 1877 ed
876 1800 935 1880 ille
954 1803 1070 1880 codex
1086 1801 1280 1898 Plfneusrs‚
1306 1831 1414 1918 quern
1432 1828 1494 1880 nn·
1583 1879 1586 1886 .

74 1931 114 1979 te
139 1905 339 2006 complures
356 1928 471 1980 amros
488 1899 584 2008 apud
603 1927 638 1978 te
654 1901 842 2004 aliquoties
862 1901 959 1996 ridi,
986 1903 1211 1982 tumultuarie
1228 1928 1368 1982 excurri
1378 1961 1392 1999 ,
1418 1901 1496 1980 imo

71 2004 248 2120 quopiam
266 2005 425 2107 excerpsi
444 2031 466 2096 ,’
481 2029 520 2080 ut
536 2032 581 2082 ex
600 2004 686 2079 meis
703 2005 763 2080 vul
827 2001 857 2079 ia
875 2004 1051 2106 opusculis
1068 2009 1189 2121 legere
1208 2005 1268 2085 esi.
1347 2004 1451 2082 auid
1471 2001 1498 2083 si

73 2133 148 2204 ram
171 2105 292 2181 codex
311 2102 374 2180 iste
398 2129 418 2180 a
442 2129 475 2179 te
509 2103 694 2198 redditus,
721 2132 772 2181 no
801 2104 853 2179 ilis
874 2131 917 2180 ac
950 2106 1202 2184 Condrltufrmi
1232 2107 1308 2186 Viri
1333 2103 1498 2185 Stehlilcii
1617 2137 1619 2140 ·

73 2203 262 2283 beneficio
279 2207 316 2278 iu
333 2202 493 2281 manibus
510 2206 594 2282 meis
620 2204 689 2300 est,
717 2232 753 2281 ut
772 2233 815 2282 ex
838 2207 1067 2308 autographo
1087 2207 1296 2282 Luciferum
1324 2230 1445 2295 tuum,
1473 2203 1500 2280 sr
1531 2299 1532 2304 Ἰ

79 2330 162 2382 non
181 2305 433 2408 sycophantiae,
451 2331 546 2396 certe
561 2333 695 2412 magnae
713 2303 900 2409 imperitiae
920 2306 1120 2406 errorisque
1135 2305 1353 2384 convincere
1370 2306 1501 2387 licente

79 2405 189 2480 (aluid
207 2431 297 2482 uero
317 2403 342 2480 is
360 2405 407 2480 de
426 2409 499 2482 hoc
515 2409 641 2486 codice
659 2409 726 2486 ait}
751 2439 792 2484 ex
811 2411 1027 2513 quul’ullrava
1035 2415 1211 2508 plurimum
1225 2414 1367 2509 prusam,
1395 2431 1500 2487 nem,-

74 2531 126 2610 pe
145 2532 190 2582 ex
209 2504 338 2582 codice
353 2505 572 2586 Stelrlikiauo
593 2511 649 2586 seu
667 2507 867 2587 existimato
894 2507 957 2584 illo
975 2510 1116 2588 Cosma
1138 2507 1354 2587 Chronico}
1407 2504 1501 2581 (duo

76 2632 158 2684 arro
177 2605 339 2708 plagiarii
357 2607 510 2685 crimine
524 2609 669 2686 Lucifer
685 2607 791 2686 nobis
813 2608 981 2711 depingis
997 2615 1209 2704 pullorum,
1236 2609 1260 2686 sr
1284 2607 1320 2684 id
1341 2603 1503 2688 Chroni-

76 2733 151 2791 cou
176 2695 403 2786 aChronico
425 2711 584 2786 Pullravre
612 2707 788 2786 diversum
815 2709 884 2802 est,
913 2711 1012 2811 quod
1042 2711 1113 2808 ejus
1132 2711 1250 2788 uerbis
1268 2721 1282 2804 l
1300 2710 1326 2792 fi
1345 2707 1502 2786 Brunde-

77 2811 293 2912 b.rgenfem
312 2807 507 2886 'historiam
534 2808 716 2912 excipias)
744 2838 764 2888 n
787 2813 903 2914 capite
938 2811 980 2887 ad
1009 2817 1143 2890 calcem
1166 2811 1389 2915 responderi
1440 2813 1503 2886 Au

88 2936 169 3002 uon
183 2913 256 2988 hoc
272 2910 512 3013 fragmentum
531 2911 578 2989 de
594 2910 733 2991 Czechi
751 2911 927 3000 aduentu,
953 2913 1053 3012 quod
1074 2939 1159 3017 pag.
1174 2935 1255 3006 135.
1277 2911 1428 3007 profers,
1443 2934 1503 2986 to-

78 3010 112 3084 ti
130 3019 195 3088 lem
217 3010 338 3091 uerbis
359 3011 508 3088 habetur
538 3009 575 3090 ira
594 3017 753 3092 Pullrarae
784 3019 858 3092 MS.
878 3013 1006 3091 codice
1029 3017 1131 3094 ΑΛ.
1149 3017 1247 3092 Μ.
1266 3017 1305 3092 Ρ.
1316 3017 1355 3090 Ρ.
1374 3007 1506 3091 Cruci·

80 3137 252 3218 gerorum
279 3139 361 3192 cum
378 3115 497 3190 ‘rubeo
521 3113 632 3191 corde
657 3115 702 3192 ad
727 3119 761 3192 S.
781 3117 936 3195 Crucem
964 3117 1145 3208 Maiorem
1177 3118 1309 3196 Vetera
1327 3155 1341 3168 -
1360 3113 1506 3220 Pragaei
1536 3208 1538 3214 Ι

79 3222 142 3294 An
158 3239 237 3290 non
253 3213 290 3292 in
310 3211 547 3291 Nouizlanoa
572 3241 617 3293 an
634 3242 711 3293 non
730 3215 767 3294 in
791 3215 1072 3298 Wilselrradenli
1093 3220 1254 3296 Pulltauae
1273 3215 1426 3298 codicee
1454 3239 1506 3312 at-

80 3341 157 3415 que
174 3339 211 3390 at
230 3313 376 3392 celerius
393 3314 500 3390 vidus
526 3313 586 3393 des
607 3343 749 3410 manus,
775 3317 910 3419 inspice
936 3324 1140 3424 exemplar,
1167 3319 1266 3420 quod
1286 3315 1504 3396 Menkenius

80 3421 120 3493 T
123 3443 211 3492 omo
232 3419 294 3494 lll.
312 3443 396 3519 pag.
422 3426 531 3509 1617.
553 3425 589 3495 δι
612 3418 832 3523 Ludevigius
850 3419 1104 3521 'Reliquiurum
1134 3422 1270 3495 surarum
1292 3423 1419 3495 Tomo
1438 3419 1504 3492 XL

79 3543 131 3636 pa
162 3577 171 3593 .
195 3514 418 3614 129.ertcudi
437 3517 546 3627 fecit.²
571 3543 616 3594 an
634 3546 710 3594 non
737 3523 810 3598 haec
827 3521 986 3626 ipsrlsrma
1005 3525 1114 3598 verba
1138 3522 1307 3596 lecturus}
1336 3523 1507 3594 lecturus

80 3545 241 3706 ibidem,
259 3617 566 3718 quemadmodum
585 3617 622 3696 in
644 3621 866 3700 Srehlikiuno
885 3621 1031 3714 codice,
1057 3621 1301 3725 fragmentum
1321 3618 1508 3722 integrum

81 3719 159 3798 fune
181 3722 306 3798 lacuna
330 3725 365 3795 δι
386 3717 575 3808 interiedlis
600 3721 747 3798 lineolis.
766 3723 858 3801 inter
883 3749 988 3801 uoces
1015 3747 1145 3799 vacatur
1169 3729 1202 3799 &
1224 3727 1331 3799 Czcchr'
1351 3720 1404 3801 his
1424 3745 1507 3798 ver-

81 3821 165 3898 bis:
219 3823 344 3897 Dicitur
363 3829 444 3894 rnr'm
463 3829 589 3896 Bremia
606 3827 721 3916 aava,
747 3829 835 3928 quod
853 3828 889 3923 ομ
906 3831 986 3900 Deru
997 3817 1238 3925 interpretatum
1255 3835 1292 3904 ira
1311 3831 1416 3930 lingua
1435 3827 1505 3899 Slu-

80 3933 213 4015 vonlca,
238 3920 281 3997 ω’
297 3925 365 3996 r'dtr
381 3925 437 3995 buc
455 3933 704 4021 interpretatione
720 3955 741 4000 a
756 3938 877 4002 nomine
898 3933 955 4001 Del
968 3933 1095 4002 anaema
1113 3929 1190 4002 dtur·
1203 3925 1300 4026 fierit,
1328 3955 1402 4028 quac
1421 3951 1507 3998 vcr-

81 4025 129 4102 ba
149 4021 295 4100 Lucifer
314 4021 479 4100 consulto
502 4024 688 4116 truncasti,
715 4024 814 4126 quod
833 4025 968 4102 codicis
991 4026 1043 4102 tui
1060 4026 1311 4106 existinutloni
1332 4017 1503 4104 nonnihil

82 4123 283 4202 detractura
299 4121 564 4201 formidaveris.
623 4126 694 4204 Sed
713 4151 749 4204 ut
768 4129 841 4204 hoc
857 4127 1057 4206 monstrum
1078 4131 1255 4210 Herculea
1274 4131 1373 4208 clava
1400 4121 1503 4227 peni-

441 4243 457 4278 ··
1403 4249 1458 4302 tus
