3852 4844
687 279 929 364 Errsrorrnv
1120 305 1124 314 ’
1255 306 1257 314 ·
1482 308 1526 370 rr

113 445 299 540 C'zec'ho.
311 427 488 534 coloss'os
508 431 551 530 dt
570 431 739 529 delubra
756 438 881 544 hodie
897 436 1048 548 struitis
1075 495 1076 501 κ
1101 423 1203 527 milri
1224 427 1438 556 inquirere
1456 435 1547 533 nee‘

110 559 263 663 fassrt,
320 555 405 644 uod
421 550 678 665 antiquitatis
695 550 748 638 de
765 569 818 636 eo
831 548 1034 660 judicium
1096 547 1208 636 erit?
1221 559 1224 566 '
1235 575 1334 638 num
1349 576 1527 666 unquam

109 581 377 765 aveteriius
413 654 798 778 commemoratus?
842 684 943 745 num
969 657 1185 762 memoriae
1210 659 1319 747 illius
1349 662 1527 776 historiis

107 769 353 868 eoaevorum
370 769 714 884 temporibusque
726 769 812 856 rite
831 765 903 856 res
924 763 1138 858 ondeant?
1193 765 1313 858 Itane
1329 769 1410 860 tibi
1427 772 1528 864 tuis·

109 878 226 1015 que,
254 904 323 974 aut
342 879 503 972 Czecbi
529 879 598 966 tui·
619 879 663 1000 in
689 879 864 1002 gratiam
886 795 1174 992 iiapprinrcnda
1203 895 1322 997 erant
1347 881 1529 993 certiora
1559 891 1562 894 ’

106 995 287 1222 ῗιῦἓέξις
302 983 454 1082 indicia
452 1057 476 1168 β
503 1013 597 1190 quae
614 983 869 1076 vetustissrmi
888 986 1038 1093 Graeci,
1057 984 1285 1103 Latinique
1301 989 1527 1117 scriptores

129 1135 183 1221 up
284 1123 431 1194 tavere
451 1165 487 1191 .-

111 1233 255 1324 erant,
284 1233 332 1302 ut
347 1239 401 1300 ne
426 1221 651 1299 ethorum
674 1206 983 1296 combinatione
1012 1199 1558 1321 (quandoquidemrcerta

108 1325 424 1438 indubitatoque
436 1317 617 1430 originis
634 1317 870 1406 testimonia
885 1343 970 1405 non
986 1313 1318 1494 squetrrnt>.id,
1337 1321 1531 1451 quodve·
1555 1391 1560 1402 .

6 1443 8 1476 ³
109 1433 335 1522 rosrmilius
357 1447 469 1538 erat,
499 1453 690 1517 eruerem
723 1427 1026 1541 statueremque
1122 1422 1413 1536 Verofimilrus
1428 1499 1441 1542 ,
1459 1433 1541 1528 ine·

5 1565 7 1580 ’
109 1568 277 1658 quam,
304 1567 390 1628 non
408 1555 566 1626 certum
586 1533 979 1650 indubitatumque3
1006 1561 1102 1624 nam
1124 1535 1331 1648 ejusmodi
1355 1537 1531 1630 ementi-
1608 1611 1609 1616 a

30 1721 34 1732 .
112 1669 165 1742 to
182 1649 394 1739 lenocinio
413 1671 617 1762 nunquam
634 1671 801 1734 merces
818 1670 933 1732 meas
949 1645 1183 1758 historicas⁹
1202 1648 1531 1766 opinionemque
1558 1729 1569 1740 .

4 1853 6 1856 ,
116 1761 173 1850 de
202 1757 416 1848 veteribus
450 1754 604 1844 Zechis
629 1749 828 1873 Zichisve
854 1781 1011 1843 venum
1039 1755 1266 1872 proposui,
1296 1761 1435 1850 ubivis
1455 1789 1532 1851 vo-

4 1875 6 1954 ἐ
112 1870 269 1958 cabulo·
290 1867 667 1974 verostmilitudr'nis.
685 1867 809 1971 utor,
838 1863 936 1973 lege
962 1862 1184 1984 Prodromi
1214 1870 1303 1966 urei
1324 1862 1531 1984 prefatio
1563 1951 1567 1954 ,

106 2005 212 2068 nem
274 1978 373 2178 lege
389 1975 550 2080 ibidem
567 1973 734 2088 paginas
755 1999 845 2079 141.
864 1973 908 2062 &
928 1999 1018 2082 145.
1033 1977 1132 2086 lege
1149 1979 1277 2066 etiam
1295 1977 1531 2095 responsum
1610 1975 1614 1986 ‘

109 2089 214 2202 ada
259 2116 281 2175 a
346 2086 577 2174 ruditomrn
599 2081 723 2172 Parte
751 2081 809 2172 ΙΙ.
826 2108 1016 2194 meorum
1042 2082 1304 2196 Annalium,
1336 2091 1530 2180 omnibus

110 2198 180 2288 lris
195 2198 303 2286 locis
329 2196 511 2308 ingenue
527 2191 732 2282 confiteor
752 2187 891 2282 deelle
910 2221 1051 2284 coaeva
1069 2201 1361 2310 monumenta,
1378 2226 1528 2288 verum

2 2359 5 2409 ὲ
112 2307 474 2422 indubitatumque
499 2322 692 2418 tanquam
713 2301 932 2393 diblatorio
958 2305 1115 2394 calerrlo
1133 2307 1296 2396 definiri
1320 2311 1425 2400 haud
1470 2309 1532 2400 ou

97 2415 192 2508 'se.·
256 2413 398 2504 Habui
422 2439 576 2613 nenqe
607 2429 813 2527 perpetuo
841 2431 937 2500 ante
971 2417 1115 2504 oeulos
1146 2412 1262 2516 iilam
1285 2338 1529 2528 generaiem

26 2573 36 2594 ·
114 2527 375 2640 emditisque
404 2521 518 2611 omni
548 2552 597 2610 us
624 2522 836 2612 trablatam
866 2521 1048 2614 Critices
1073 2526 1286 2636 regulam:
1357 2527 1537 2636 Nonnisi

113 2659 282 2725 tratura
308 2635 485 2738 confido,
509 2637 633 2746 probe
652 2634 868 2748 perspetiir
891 2635 1105 2750 utriusque
1125 2640 1267 2754 partis
1279 2637 1530 2748 flandrarum-

2 2753 3 2848 J
112 2751 196 2851 tis,
222 2775 331 2834 nova
351 2747 581 2848 veteribus,
611 2762 755 2830 vetera
773 2745 890 2830 novis
907 2747 990 2830 rite
1006 2749 1128 2856 prius
1146 2753 1444 2856 conparatum,
1478 2739 1531 2838 ὓ*

522 1125 576 1186 eu
602 1095 726 1185 fraena
743 1096 914 1206 ingenio
932 1095 1171 1211 calamoque
1197 1123 1303 1190 meo,
1323 1101 1529 1224 mpqenda
1618 1187 1621 1192 ,
1750 1105 1754 1108 ’
1836 1075 1849 1084 ”

171 2881 304 2943 aenam
332 2854 477 2940 horum
496 2857 593 2964 plur
619 2851 811 2954 ualeant,
849 2849 1112 2961 discutiendo,
1127 2855 1312 2958 seranda
1338 2859 1391 2967 est
1420 2861 1532 2962 crista
1652 2879 1659 2886 ·

2 3061 3 3064 p
194 2965 392 3079 confina·
432 2957 560 3062 ,Quin
579 2961 764 3077 alacrem
790 2969 1109 3078 promptamque
1135 2961 1299 3077 semper
1325 2965 1374 3052 ad
1402 2963 1530 3053 refor-

2 3074 3 3084 '
115 3075 310 3164 mandam
335 3071 513 3162 suntrana
530 3071 791 3160 voluntatem
816 3097 978 3181 meam,
1007 3071 1305 3204 srantiquiora,
1335 3075 1532 3162 certiora·

2 3211 3 3300 l
117 3185 460 3300 quedocumenta
476 3178 644 3272 ‘detedla
660 3177 1017 3272 fuerintomnibus
1033 3181 1140 3270 locis
1157 3209 1199 3274 1n
1231 3186 1388 3273 emino.
1441 3175 1530 3274 Vc·

2 3323 3 3340 ²
114 3293 491 3406 rostmilinsautem
511 3291 777 3402 deligendum
799 3293 901 3378 mihi
924 3311 1034 3400 erat,
1069 3287 1162 3408 quia
1221 3295 1346 3384 zechi
1370 3319 1530 3381 memo

113 3399 198 3494 rias
222 3401 397 3491 fabulam
420 3397 503 3491 elle
520 3417 588 3516 tot
613 3400 799 3510 vestigiis
821 3401 1057 3515 expreffmn
1082 3406 1163 3508 est,
1192 3421 1241 3494 ut
1264 3403 1373 3517 talpa
1397 3403 1529 3513 magis

2 3607 3 3630 q
116 3513 407 3620 coecutierim‚
424 3514 515 3601 nisr
545 3535 594 3600 ea
619 3509 827 3619 viderim,
855 3512 943 3599 imo
969 3515 1254 3629 palpaverim3
1285 3535 1410 3627 quem
1433 3537 1530 3599 cunr

2 3636 3 3688 ῑ
112 3624 226 3712 nulla
244 3641 333 3712 arte
347 3644 417 3713 aut
433 3621 563 3712 studio
581 3620 750 3708 licuerit
768 3647 865 3707 cum
884 3641 1079 3712 vetemm
1096 3623 1405 3729 monumentiS,
1435 3645 1531 3710 cum

2 3773 4 3794 r
111 3733 317 3840 historiis,
350 3755 444 3824 curn
464 3723 856 3845 temporibus‚.ipl'a
887 3757 940 3818 ue
960 3729 1121 3820 ratione
1150 3731 1397 3841 conciliare,
1430 3729 1531 3845 quid

2 3852 3 3870 ¹
109 3839 328 3958 supererat
358 3839 551 3933 Annales
587 3841 745 3969 patrios
785 3862 844 3928 ex
907 3839 1039 3930 riticae
1068 3839 1233 3953 legibus
1263 3837 1529 3955 expensum,
1582 3931 1586 3938 ,

76 4021 81 4028 .
110 3971 238 4068 quam
256 3948 532 4042 rerofimilius
548 3947 726 4078 pnncipi
754 3967 796 4036 rn
815 3948 1117 4058 gentisnostrae
1136 3969 1408 4042 exterarum
1428 3951 1532 4038 indi·

2 4077 3 4082 ‘
109 4061 195 4154 elis
213 4084 363 4152 eruere
383 4087 430 4151 ac
447 4053 657 4153 definrre?
763 4057 1001 4188 tsciotquid
1015 4079 1062 4150 te
1078 4060 1223 4167 feriat,
1255 4063 1354 4186 quid
1370 4079 1416 4166 te
1432 4085 1530 4172 pun-

110 4188 215 4286 gat:
243 4173 363 4264 locus
388 4175 460 4270 ille
485 4174 544 4264 est
568 4166 790 4272 Prodromi
815 4195 902 4258 mer
923 4173 1070 4290 pagina
1090 4194 1156 4282 55.
1175 4196 1259 4290 quo
1284 4198 1373 4284 aJo,
1400 4162 1530 4286 letto

166 4281 263 4362 Paul
288 4271 321 4362 i.
385 4377 388 4384 .
811 4281 888 4357 ua
995 4337 1015 4389 ,·
1276 4307 1282 4312 ·
1379 4297 1483 4373 arque
