3852 4844
86 283 98 298 *
234 284 273 345 μ
408 282 453 342 12
972 255 1298 338 Bumodus

406 414 526 532 rique
556 405 782 520 polliceor,
815 431 886 492 me
900 411 1027 516 prope
1053 411 1218 496 invictis
1234 417 1497 524 argonautis
1523 397 1822 502 demonstratu·

405 547 516 610 rum:
554 517 780 606 Caecbiam
806 544 891 604 non
918 545 939 602 a
967 517 1139 632 Czecho
1163 516 1235 608 sed
1263 524 1405 612 verius
1437 521 1626 611 aZechis
1662 551 1827 614 nomen

404 631 519 734 lump
533 637 801 749 perynronque
822 624 1019 716 sortitam.
1082 623 1227 744 Verba
1239 649 1364 739 prope
1378 638 1543 720 invidis
1557 639 1825 743 argumentis

403 743 509 830 latus
533 759 652 826 tuum
680 739 874 840 sauciant,
904 735 940 824 is
966 736 1115 846 unguis
1144 740 1204 824 est
1232 741 1276 828 in
1305 743 1446 830 ulcere
1474 761 1576 844 tuo,
1607 743 1649 828 id
1669 741 1825 832 vulnus

370 883 375 890 ·
403 868 595 964 tanquam
613 843 833 935 insanabile
850 845 964 930 omni
982 847 1078 933 loco
1097 873 1191 934 cum
1211 849 1416 943 dolore&
1433 853 1595 964 gemitu
1612 852 1822 962 ostentata,

402 987 462 1063 ex
482 963 549 1046 bis·
567 959 734 1070 inquam
757 954 903 1043 verbis
920 954 1071 1044 lectori
1091 955 1259 1070 pedicas
1283 963 1422 1066 cudis,
1453 961 1700 1074 conarisque
1721 979 1825 1049 eum

402 1073 630 1173 inducere,
669 1083 716 1152 ut
741 1063 815 1150 sabi
841 1061 1113 1187 persuadeat,
1145 1091 1228 1182 me
1244 1069 1487 1196 opinionem
1519 1072 1573 1159 de
1599 1071 1824 1160 veteribus

400 1177 556 1275 Zechis
593 1194 786 1290 tanquam
817 1199 908 1262 rem
934 1172 1219 1284 certillnnam,
1251 1181 1566 1296 hrstoricamque
1592 1180 1826 1269 veritatem

401 1283 686 1405 propugnasse.
743 1284 842 1376 Non
851 1303 978 1396 prope
1003 1291 1180 1397 invitia,
1208 1285 1280 1376 sed
1301 1291 1457 1377 invidia
1475 1307 1716 1401 argumenta
1733 1316 1826 1377 cer·

400 1416 486 1486 tam
505 1397 654 1500 fidem,
684 1396 727 1484 dr
747 1395 974 1484 veritatem
994 1397 1225 1484 historicam
1246 1397 1470 1506 definiunt,
1499 1401 1665 1509 historia
1682 1399 1824 1506 enim,

402 1526 452 1596 ut
468 1507 626 1597 Cicero'
643 1509 724 1618 ait,
754 1507 807 1611 est
823 1506 933 1614 testa
948 1511 1156 1609 veritatis,
1238 1504 1368 1607 Quod
1377 1528 1505 1618 prope
1519 1510 1727 1596 'iuvidiam
1747 1510 1824 1614 est,

402 1647 490 1712 non
522 1622 581 1718 est
613 1617 893 1724 invincibile,
931 1616 974 1704 dr
999 1616 1115 1704 vinci
1148 1620 1316 1734 potest,
1354 1618 1699 1734 quemadmodum
1734 1645 1825 1706 non

405 1757 532 1819 unum
548 1731 746 1842 idemque
763 1725 1057 1838 deputaveris,
1083 1745 1131 1813 te
1148 1729 1361 1816 bominem
1382 1752 1609 1833 veracem,
1639 1746 1709 1814 aut
1728 1755 1825 1841 pro

389 1896 395 1904 -
435 1869 459 1928 e
482 1865 707 1945 veracem,
739 1837 866 1924 fidum
885 1853 955 1922 aut
969 1862 1101 1950 prope
1119 1833 1269 1944 fidum,
1303 1837 1561 1963 historicum,
1592 1855 1660 1924 aut
1687 1862 1823 1951 prope

393 1870 644 2052 ‚listoricum
662 1945 869 2049 aestnnali,
902 1947 1081 2056 dicique.
1137 1943 1281 2034 Potest
1300 1948 1459 2052 idcirco
1485 1946 1602 2034 vinci
1616 1943 1826 2036 sententia

171 2070 198 2136 .’
405 2085 525 2166 mea,
551 2053 623 2145 sed
637 2083 683 2145 re
701 2057 808 2144 nulla
822 2056 924 2163 alia,
955 2055 1027 2142 nisa
1045 2082 1284 2144 coaevorum
1302 2057 1608 2163 monumentis',
1639 2056 1713 2144 nisa
1733 2079 1841 2141 cer-v
1903 2058 1908 2067 '

404 2171 562 2262 tiorum
582 2167 884 2279 cla'riorumque
902 2165 1387 2276 veterurnrestimoniiS,
1418 2166 1529 2281 quod
1554 2186 1654 2254 eum
1672 2183 1720 2254 tu
1737 2159 1825 2253 Vir

400 2280 474 2367 -Cl
501 2275 697 2391 nusquam
723 2278 767 2364 in
795 2293 907 2362 tanta
933 2273 1137 2386 farragine
1168 2275 1505 2388 argumentorum
1540 2293 1738 2382 tuorum,
1778 2274 1826 2360 in

408 2405 522 2478 tanta
545 2385 823 2476 cumulatione
848 2384 1194 2474 documentorum
1223 2403 1311 2472 tota
1338 2386 1625 2474 lucubratione
1652 2403 1745 2494 tua,
1773 2401 1828 2470 ut

409 2495 514 2584 infra
534 2497 682 2583 videre
693 2495 873 2602 licebit,
904 2494 1171 2609 praeffiteriS,
1201 2493 1346 2604 majori
1364 2495 1447 2604 ego
1463 2495 1546 2606 j'arn
1567 2492 1826 2582 confidentia
1881 2552 1889 2570 .

406 2604 637 2720 pronuncio
663 2631 732 2693 me
758 2603 929 2691 invictis
961 2603 1091 2690 etiam
1120 2605 1374 2714 argumentis
1392 2601 1629 2692 ostendisse:
1647 2620 1825 2714 gentem
1915 2683 1917 2694 .

401 2717 585 2802 'nostram
611 2740 634 2796 a
652 2709 803 2803 Zechis
821 2713 1067 2818 veteribus,
1097 2712 1306 2800 mininrea
1327 2715 1499 2802 Caecho
1519 2731 1593 2802 tuo
1613 2711 1826 2821 originem
1914 2751 1917 2776 ·

406 2821 611 2913 traxisse·
649 2820 734 2915 Sed
750 2823 802 2912 de
821 2823 884 2910 his
900 2821 1006 2908 ultra
1029 2847 1150 2936 quam
1166 2817 1261 2910 satis
1281 2823 1351 2912 est.
1435 2823 1439 2832 '
1810 2833 1813 2838 '

520 2932 664 3021 Restat
684 2950 731 3025 ut
758 2931 807 3018 ad
830 2931 962 3045 capita
982 2927 1283 3025 accusationum
1311 2950 1496 3039 tuarum,
1528 2954 1620 3132 quet
1639 2923 1825 3044 graviffi-
1915 2939 1917 2968 ¹

324 3135 327 3142 ,
407 3043 735 3150 rna-Omiffdrum
758 3043 802 3130 dc
824 3041 1126 3151 Commiſjeirum
1148 3040 1316 3130 censura
1338 3043 1509 3150 notasti,
1567 3041 1825 3134 elledlamus.
1915 3093 1917 3128 :

285 3148 290 3164 “
408 3152 472 3240 Ea
490 3151 627 3238 omnia
646 3177 705 3236 ex
728 3151 875 3239 ordine
899 3180 925 3238 o
956 3148 1082 3237 usculi
1105 3217 1117 3254 ‚
1144 3145 1299 3238 &Para
1331 3178 1371 3238 ra
1402 3157 1549 3242 horum
1565 3171 1733 3242 tuorum
1759 3177 1828 3238 re·
1915 3255 1917 3262 Ι

409 3259 652 3358 citabimus;
683 3257 829 3344 ubivis
843 3177 1023 3347 fideliter
1050 3260 1180 3348 verba
1200 3275 1269 3348 tua
1287 3173 1530 3372 linsiurrque
1552 3261 1745 3368 relaturi,
1761 3288 1825 3350 ‚ac
1915 3291 1917 3314 1

408 3369 580 3459 subinde
614 3367 720 3455 locis
755 3366 920 3496 fingulis
941 3365 1268 3484 'confutationes
1297 3371 1453 3468 nostras
1487 3369 1738 3481 subjedluri,
1777 3370 1826 3457 in

405 3478 593 3590 margine
610 3503 716 3570 veto
727 3505 910 3611 paginas,
922 3475 1120 3565 Luciferi
1129 3479 1190 3569 tui
1213 3476 1527 3592 adnotabimuS,
1556 3497 1604 3568 ut
1630 3480 1659 3570 n
1685 3479 1825 3568 ledlor

342 3598 344 3604 '
410 3613 503 3675 rena
521 3583 699 3678 insonte
724 3585 812 3702 apso
841 3586 1042 3701 copiosius
1071 3587 1217 3699 legere
1237 3587 1469 3697 maluerit,
1494 3618 1578 3706 quo
1596 3585 1641 3682 se
1666 3605 1826 3704 prater
1915 3689 1917 3700 Ι

411 3694 604 3786 'asturam
625 3697 835 3809 'temporis
856 3715 1027 3806 verrat,
1053 3694 1164 3789 sciat.
1212 3695 1349 3810 'Stylo
1371 3697 1524 3810 plano,
1554 3717 1602 3788 ut
1626 3725 1823 3814 penecar
1915 3711 1917 3802 ἶ

404 3726 518 3931 lamo
544 3804 816 3933 profluxere,
845 3809 929 3896 fine
961 3808 1190 3922 pigmentis
1214 3807 1261 3898 dr
1277 3803 1538 3919 ventribus,
1568 3810 1652 3898 fine
1679 3833 1829 3927 rerum!
1916 3839 1917 3912 j

406 3933 756 4040 materramnrque
783 3943 921 4021 nexu,
950 3936 1024 4042 tuo
1037 3914 1237 4041 ‘nimirum
1256 3917 1402 4046 ordine
1429 3919 1578 4032 srugula
1600 3913 1824 4119 persaeque
1864 3971 1867 3978 ⁴
1914 3937 1917 4046 j

377 4113 380 4122 ,
406 4049 522 4133 mur,
550 4049 632 4114 nec
652 4049 765 4112 emm
785 4051 923 4139 operae
938 4041 1121 4140 pretmm
1139 4027 1327 4116 ducimus
1348 4055 1396 4114 rn
1416 4057 1507 4122 rem
1532 4029 1603 4118 nul
1620 4030 1682 4116 'us
1707 4039 1824 4141 pfflae
1916 4049 1917 4054 ‘

291 4277 293 4283 Ι
370 4209 373 4216 .
405 4135 613 4227 momenti
639 4131 879 4248 longiorem
901 4159 1073 4255 operam
1098 4133 1264 4249 locare,
1296 4135 1575 4235 &ventosum
1597 4137 1828 4348 qupppppm
