3820 4820
341 245 345 250 ·
421 185 1207 298 RernIskrrmxrourslanxv.
1320 177 1351 215 ²
1427 237 1533 340 309=

73 363 538 476 ivitarumquepetefastatu
553 351 667 471 firpse,
718 356 788 436 Sed
807 357 843 434 ia
866 384 942 458 quo
967 358 1118 472 arciriro
1138 365 1291 442 Puikeva
1311 362 1503 479 §zechara
1521 389 1689 466 Luem,

68 461 1504 674 saffiffirepssssasssmssssffisss}2¹¹²ffislssssssffiissss?iza:

70 701 151 768 ras,
177 671 273 773 quin
302 697 377 748 rem
407 663 637 770 scrupulosius
662 663 919 755 examinasset,
946 691 987 740 ac
1037 665 1176 746 roinde·
1198 669 1344 748 deserto
1367 671 1504 752 cosma

68 805 153 856 eum
173 777 322 868 ¹secutus
343 769 413 862 est,
437 775 583 868 namu&
603 767 677 871 ipse
690 765 830 878 (quchi
855 691 1123 880 siomiqieiium,
1148 771 1285 872 aliaque
1306 775 1377 850 huc
1402 773 1505 875 spec·
1647 809 1653 824 ·

15 903 18 948 ι
67 879 181 957 tantia
196 876 339 980 primus
361 867 802 968 exoalimirqexscnpae
859 867 951 943 Quo
970 893 1008 943 ιιι
1027 872 1180 950 consilio
1205 873 1329 977 postea
1354 875 1505 954 sestam.

67 1005 145 1058 rern
173 975 305 1056 habuit
322 975 470 1053 AEneam
488 969 657 1058 Siiviuur,
686 968 749 1068 qui
774 992 891 1044 taurea
916 970 1143 1052 haesitationis
1164 975 1229 1052 sue:
1256 1000 1334 1052 non
1352 976 1506 1054 obscura

68 1079 217 1180 reliquit
246 1073 409 1180 vestigia.
435 1074 665 1150 ‘APulkavu
688 1069 853 1181 &Enea
870 1068 984 1148 Siluio
1012 1073 1145 1175 opinio
1173 1077 1247 1156 nec
1274 1076 1313 1153 in
1338 1077 1507 1155 omniurn

68 1183 144 1260 fere
156 1183 315 1258 calamos
332 1173 475 1252 transuit.
528 1176 617 1250 Non
635 1171 756 1251 nabun
774 1196 861 1278 vero
881 1175 1034 1250 Pulkava
1053 1175 1240 1279 opinionis
1258 1178 1352 1256 istius
1370 1178 1509 1258 socium

59 1309 129 1358 -aut
157 1305 356 1384 patronum
386 1273 635 1377 Marignolam
669 1295 885 1350 coaetaneum
914 1273 1031 1368 suum,
1058 1277 1119 1377 qui
1146 1279 1272 1362 itidem
1301 1281 1426 1360 Caroli
1443 1283 1508 1362 Ν.

69 1381 154 1480 juffu
183 1391 221 1459 δι
237 1376 447 1482 patrocinio
472 1375 607 1456 eodetu
628 1375 756 1454 &culo
784 1373 920 1476 scripfit
944 1375 1129 1456 historiam
1151 1381 1327 1476 Boemia,
1354 1382 1440 1484 qui,
1467 1405 1508 1460 ut

72 1487 201 1562 Tomo
220 1487 266 1564 ΙΙ.
284 1480 502 1558 ineditorum
524 1474 732 1554 nostrorum
751 1473 923 1552 ostensuri
941 1475 1081 1571 siranus,
1106 1480 1144 1558 in
1162 1487 1273 1562 verba
1293 1487 1432 1564 Cosnra
1453 1483 1509 1580 ju-

14 1641 16 1646 ,
61 1583 176 1678 raaia
230 1583 416 1662 Credasrae
439 1604 531 1656 reto
555 1577 682 1656 omnia
702 1583 736 1652 or
755 1575 893 1680 singula
914 1581 1103 1656 Pulkavam
1122 1609 1167 1659 ex
1186 1587 1295 1662 certis
1318 1586 1508 1690 legitimis-

71 1711 142 1782 que
159 1683 340 1777 archivis,
367 1705 426 1758 aut
443 1675 660 1758 membranis
677 1678 871 1780 accepisse}
897 1678 987 1754 nihil
1007 1708 1051 1758 ex
1069 1683 1220 1762 turbidis
1238 1685 1359 1763 rivulis
1375 1687 1507 1764 haufis-
1565 1691 1569 1706 ”
1621 1705 1623 1713 ’

70 1787 129 1880 se,
153 1811 219 1863 aut
237 1784 345 1864 etiarn
366 1782 505 1862 suarum
527 1780 749 1885 opinionum
770 1777 911 1856 licentia
928 1777 1062 1884 uspiam
1080 1787 1178 1868 tusum
1195 1787 1320 1866 fuisse?
1370 1793 1411 1865 In
1429 1815 1507 1889 quo
1599 1803 1604 1818 ’
1744 1797 1747 1804 “

50 1897 53 1902 “
71 1887 227 1964 archivo
243 1887 496 1970 membranave
514 1881 650 1987 reperit
666 1884 820 1958 Pulkara
839 1879 925 1957 iilud
946 1883 1047 1980 quod
1064 1885 1168 1990 supra
1178 1888 1211 1988 §.
1222 1891 1318 1968 xlv.
1330 1893 1378 1970 N.
1389 1894 1451 1968 llL
1461 1916 1508 1968 ex
1651 1969 1663 1978 ,

41 1989 48 1994 ’
69 1988 135 2065 illo
154 1987 352 2082 retulimus,
367 1993 406 2062 fle
422 1983 523 2084 quod
535 1987 669 2062 rubore
688 1981 847 2086 quodam
865 1982 1508 2094 srrffusustruneustileeiorisqueocu-

70 2091 110 2166 io
127 2088 343 2179 subtraxisti,
360 2110 443 2160 conr
460 2085 525 2161 ait:
552 2093 678 2161 Darem
695 2096 777 2162 errr'm
796 2095 955 2162 Bormiae
971 2094 1060 2182 Bab,
1086 2096 1175 2194 quad
1191 2098 1232 2192 est
1247 2101 1331 2170 Denr
1348 2106 1507 2196 interpre-

14 2217 15 2226 ’
71 2213 178 2266 return
195 2198 232 2264 r'rr
249 2195 271 2264 lr'
309 2191 549 2276 arsurumne,
566 2183 609 2262 u
621 2189 690 2264 e'dee
708 2191 1069 2285 autumpnatem
1086 2203 1210 2266 nemim
1227 2197 1288 2268 Dei
1304 2201 1434 2269 Brhemr'
1449 2200 1505 2271 Δι’-

13 2279 20 2390 ¹,
70 2289 227 2390 c'se'firrtri
272 2215 378 2367 iiiuc
398 2309 527 2380 quanta
545 2286 660 2366 adhuc
672 2287 974 2366 Pulkavaesitculo
994 2286 1222 2401 historiarum
1247 2317 1409 2370 veterum
1429 2295 1501 2374 fue·

13 2411 15 2474 ζ
69 2391 121 2468 rit
147 2387 376 2494 ignorantia,
411 2411 449 2463 ut
468 2413 515 2464 ne
540 2389 686 2488 quidem
713 2388 899 2466 Boemiam
926 2389 1060 2482 assojrs
1086 2388 1216 2468 dietam
1243 2391 1502 2494 fundatamque

71 2491 215 2571 seirent.
246 2523 253 2534 ·
273 2496 341 2586 An,
363 2515 402 2567 ut
417 2487 568 2592 plurima
584 2491 651 2568 alia
665 2490 891 2583 muriceam,
914 2490 1051 2592 reperit
1068 2490 1107 2568 in
1127 2491 1249 2594 aliquo
1268 2499 1501 2598 autographa

72 2597 229 2672 Pulkeva
252 2596 285 2670 S.
306 2593 600 2695 wolfgangum,
623 2617 672 2672 ne
687 2615 776 2668 tnnc
801 2590 948 2692 quidem
965 2590 1085 2670 adhuc
1104 2619 1248 2687 uatum,
1277 2621 1445 2698 tempore
1462 2599 1497 2676 S.

73 2695 282 2775 Wenceslai
295 2691 612 2774 Ecclesiam-svin·
631 2692 867 2772 consecrasse}
894 2715 952 2768 aut
969 2718 1070 2770 aetate
1086 2696 1237 2772 Boleslai
1255 2698 1340 2776 Satri
1358 2699 1499 2778 floruis-

75 2800 391 2875 seSAEmeramtun
406 2792 532 2872 saeculis
551 2793 691 2871 duobus
704 2789 980 2898 prenmrtuumi
1031 2799 1095 2872 Ne
1113 2819 1149 2872 tu
1167 2795 1323 2901 insignes
1341 2799 1499 2900 antiqui-

78 2899 150 2976 tatis
168 2897 400 2998 veritatisque
416 2894 518 2974 testes
543 2895 647 2974 sacius
663 2895 739 2972 hac
764 2895 936 2978 archiva,
971 2896 1068 2974 strot
1093 2921 1277 2998 tantusque
1304 2899 1497 2980 hallucina-

14 3081 15 3084 Ἴ
77 2997 189 3079 tiones
212 2999 440 3100 fabulasque,
468 2994 596 3098 quibus
624 2995 711 3074 hinc
735 3020 843 3098 atque
861 2995 961 3074 illine
985 2997 1142 3076 abundat
1160 3003 1334 3091 Pulkara,
1363 2999 1497 3078 exiliis

74 3100 195 3180 hausit.
268 3100 438 3201 Reliquus
452 3101 645 3177 authorum
662 3121 808 3176 tuorurn
832 3122 1000 3175 numerus
1018 3100 1160 3178 nonnisi
1183 3099 1314 3181 existo
1338 3109 1374 3180 &
1391 3101 1496 3210 supe·

34 3199 39 3206 ’
74 3199 228 3307 rioribus
247 3201 388 3280 duobus
410 3198 461 3276 est
487 3198 634 3293 saecrrlis,
662 3200 753 3299 qui,
776 3201 931 3278 necdum
950 3228 1074 3280 exorta
1094 3202 1132 3280 in
1152 3203 1264 3308 patria
1287 3203 1405 3284 nostra
1423 3203 1496 3283 eri-

68 3300 155 3381 tices
172 3307 275 3394 luce,
302 3303 451 3380 mininie
469 3297 517 3378 de
534 3299 688 3378 historia
711 3327 904 3401 rerumque
919 3306 1173 3382 narrandarum
1191 3305 1339 3384 veritate
1354 3307 1496 3402 curiosi,

73 3403 168 3482 bona
186 3404 263 3484 side
282 3402 471 3482 historicos
488 3402 523 3479 se
540 3401 740 3506 superiores
755 3403 991 3505 exscripsere,
1009 3401 1254 3507 quiopinioni
1269 3400 1338 3500 jum
1356 3405 1510 3486 duobus·

72 3501 195 3586 seculis
213 3507 437 3586 confirmatae
456 3502 548 3581 nihil
568 3507 747 3608 derogare
764 3507 975 3599 voluerunt,
1000 3505 1084 3606 qui,
1107 3531 1184 3582 non
1211 3505 1412 3601 innoqandi
1435 3533 1496 3586 aut

75 3605 195 3687 uitice
244 3604 458 3688 attremandi
474 3602 617 3699 animo,
642 3607 784 3683 annales
802 3605 959 3710 patrios,
989 3631 1027 3682 ut
1045 3611 1092 3700 ab¹
1110 3605 1183 3686 aliis
1197 3605 1410 3686 viciniffimis
1428 3609 1496 3688 srbi

74 3705 183 3786 relieai
222 3732 368 3802 uerunt,
394 3703 483 3784 trito
501 3708 587 3800 casse
605 3705 781 3809 persecuti
803 3705 898 3798 sunt,
927 3705 1029 3806 quod
1052 3708 1112 3785 seu
1129 3705 1259 3788 certius
1278 3707 1526 3815 investigare'

75 3799 138 3882 illis
168 3837 343 3912 perquam
369 3801 563 3909 operosuin
597 3809 804 3900 videretur,
829 3831 904 3884 tum
922 3807 1098 3900 maxime,
1116 3811 1216 3912 quod
1246 3837 1322 3889 rem
1351 3817 1396 3890 rb
1422 3811 1494 3892 ulio

73 3909 290 3990 emderatam
310 3912 584 4012 auufemamque
596 3935 682 4012 ,non
700 3907 907 4010 reperirent.
959 3909 1055 3990 Huic
1072 3939 1177 3990 novae
1193 3912 1404 3994 definiendae
1420 3915 1497 3996 sen·

50 4011 186 4088 ,tentia
216 4009 433 4104 difficultati,
471 4009 689 4115 sradjungas
723 4034 858 4087 metum
920 4011 1073 4091 uendam
1107 4013 1308 4108 zoilorum,
1348 4041 1496 4119 carpen-

77 4103 136 4206 di,
168 4111 474 4214 conviciandique
501 4109 709 4208 licentiam,
737 4109 866 4212 quibus
892 4038 928 4192 ie
954 4115 1087 4216 surque
1111 4115 1334 4222 exposituros
1364 4116 1495 4198 merito

734 4213 867 4314 siaa
1322 4217 1449 4298 forms
