3852 4844
373 319 376 326 ·
420 293 484 366 ,26
956 274 1303 372 ‚Conseruere
1399 285 1402 292 ’

37 482 39 490 ·
84 469 86 472 ’
193 439 361 524 Lucem.
429 435 536 511 tua&
558 427 646 508 mihi
667 453 831 534 premere
846 428 968 520 liceat,
996 427 1135 528 rituque
1155 449 1220 503 tuo
1248 433 1366 538 qto‘to
1391 425 1436 505 ad
1457 451 1594 534 partem
1619 454 1855 534 argumenta·

256 531 257 538 '
428 537 567 612 tionem
590 557 746 634 caperer
775 529 1018 608 ferdinandus
1038 531 1065 608 Ι.
1090 537 1122 604 δι
1144 527 1268 604 summi
1288 535 1460 605 Proceres
1480 531 1659 608 Bobemiae
1681 531 1745 610 suo
1766 531 1855 708 dii·

356 663 370 694 ²
428 633 569 737 vilegio
591 632 789 709 &censura
815 629 954 716 fidem,
978 653 1086 729 atque
1104 651 1141 703 ut
1161 627 1208 704 itu
1225 627 1341 712 dicam
1362 629 1646 708 infallibilitatem
1664 657 1761 730 quan
1817 661 1856 708 m

326 812 336 825 ,
405 728 413 762 *
425 733 632 813 historicam
650 731 784 808 dedere
811 731 894 810 totis
916 727 1070 832 Hagecii
1085 719 1285 806 Annalibus
1302 761 1310 802 ι
1329 765 1332 770 ·
1363 755 1457 832 ergo
1476 731 1622 808 historia
1639 730 1708 820 est,
1734 735 1855 810 Baua-

424 862 483 922 ros
501 861 520 911 a
540 831 700 933 quodam
721 835 860 911 bavaro
879 855 1017 908 nornen
1042 827 1178 906 traxisse
1199 853 1236 905 ut
1255 831 1331 904 vult
1350 830 1531 932 Hnge'cius
1548 836 1648 909 tunsi
1675 857 1769 934 ergo
1798 833 1854 910 in·

301 942 306 955 “
423 921 725 1012 faltibins'verius
751 933 864 1009 bores
893 929 979 1007 olim
998 913 1129 1006 volalfe
1150 943 1309 1030 peraeta
1327 985 1344 1022 ,.
1364 955 1523 1024 montes,
1549 932 1700 1031 saxaque
1727 933 1853 1010 funem

424 1034 598 1127 diduxilse
614 1034 658 1110 ad
674 1031 884 1134 accipienda
907 1029 1163 1130 reddendaque
1178 1054 1311 1132 pecora
1335 1030 1581 1124 autumnus,
1606 1057 1740 1132 equum
1764 1061 1854 1112 cunr

423 1136 488 1215 suo
512 1135 640 1212 sessore
657 1159 701 1212 err
717 1129 952 1210 Wilfehrado
976 1131 1013 1207 in
1030 1133 1173 1208 alteram
1196 1129 1379 1208 Moldavae
1399 1130 1514 1230 ripam
1537 1132 1793 1226 transvolasse,
1816 1142 1856 1212 dc

425 1239 581 1316 humana
602 1260 697 1311 voce
714 1236 882 1328 locutum,
907 1231 1085 1312 demones
1105 1230 1142 1307 in
1165 1229 1354 1308 Smichow
1365 1228 1492 1330 risisse,
1521 1257 1558 1308 ut
1577 1231 1721 1310 Wlastae
1737 1237 1854 1312 Arna·

425 1359 637 1436 zonamque
655 1337 746 1410 bella
765 1333 1053 1436 prestigiasque,
1081 1332 1212 1422 larvas,
1237 1333 1387 1408 lemures
1405 1387 1416 1423 ,
1442 1357 1484 1410 ac
1502 1334 1746 1436 phantasmate
1761 1363 1853 1438 per-

424 1436 596 1532 transeam
617 1440 629 1512 l
655 1434 767 1538 igitur
782 1461 908 1512 verum
933 1431 1266 1529 indubitatumque,
1281 1433 1313 1508 S.
1333 1432 1450 1508 Wolf
1473 1457 1607 1536 augum
1634 1433 1694 1511 vix
1721 1461 1850 1516 natum

196 1613 201 1624 ,
425 1557 497 1613 aur
507 1529 692 1638 puerulum
723 1535 790 1628 jum
811 1559 881 1610 tem
913 1557 977 1609 ore
994 1535 1027 1617 S.
1046 1529 1252 1610 Wenceslni
1270 1459 1486 1612 conscende
1502 1533 1691 1612 Ecclesiam
1707 1537 1742 1613 S.
1763 1522 1849 1614 Viti.

293 1689 304 1708 u
425 1641 458 1712 S.
473 1642 698 1714 Emeratnum
716 1637 855 1713 duobus
875 1561 999 1710 siculis
1020 1657 1273 1734 praemortuum
1284 1655 1635 1736 contemporaneum
1652 1635 1754 1714 fuilfe
1772 1641 1850 1715 Bo-

425 1738 519 1814 leslai
538 1735 642 1828 sevi,
670 1738 812 1812 Sacrum
836 1732 1111 1812 Praedicatorum
1129 1733 1309 1810 Ordinem
1333 1757 1380 1810 ne
1403 1761 1491 1810 nato
1514 1734 1659 1836 quidem
1679 1736 1799 1815 adhuc
1814 1742 1849 1818 S.

424 1831 627 1916 Domnico
647 1835 818 1914 Clutoviu
844 1833 1101 1911 aTbeobaldo
1128 1833 1228 1911 suilse
1254 1832 1469 1912 fundatumi
1497 1861 1536 1911 ur
1562 1837 1740 1916 sexcentas
1765 1839 1848 1916 alias
1920 1854 1921 1857 ’

331 1938 337 1951 “
372 1930 378 1945 ’
416 1937 558 2024 'fabulas
583 1961 794 2034 erroresque
818 1931 974 2036 Hagecii
1008 1933 1163 2034 iamper
1188 1933 1472 2011 olusculariarunr
1502 1936 1583 2014 fora
1611 1937 1680 2012 risu
1709 1938 1850 2018 traduci

424 2035 547 2114 l'oliros
563 2036 811 2112 conticescam.
862 2035 1017 2112 Videsne
1033 2059 1069 2116 te
1085 2034 1256 2114 conteni
1275 2032 1361 2112 strin
1391 2034 1474 2134 ique
1499 2035 1601 2114 omni
1619 2063 1738 2140 parte,
1766 2040 1848 2118 utsr

258 2146 262 2164 ‘
336 2194 339 2205 .
425 2135 596 2212 lubricam
619 2134 758 2214 colubri
787 2137 917 2238 pellem
940 2135 1089 2227 induas,
1115 2159 1288 2234 nusquam
1312 2060 1477 2212 uniendi
1504 2139 1602 2214 lo'cus
1630 2162 1846 2242 tempusque
1923 2207 1925 2212 ,

425 2235 491 2320 tibi
511 2237 682 2339 suppetat.
733 2235 827 2313 (diris
843 2234 1031 2313 hominurn
1045 2237 1130 2318 sano
1148 2232 1578 2338 flncipiteSnpientiffimo
1593 2243 1866 2326 Romanorum·

268 2381 271 2388 λ
331 2343 342 2366 ’
415 2327 651 2438 imperatori
669 2334 899 2426 Ferdinaudo
915 2341 975 2416 1.i
1001 2336 1089 2436 quis
1116 2335 1246 2412 inclitis
1276 2335 1404 2412 nostris
1432 2337 1613 2416 Bohemie
1640 2340 1845 2420 Ordinibus

427 2439 521 2514 banc
545 2461 678 2514 temere
705 2438 851 2540 affingat
878 2435 1182 2541 incogitantiam,
1222 2459 1261 2514 ur
1284 2436 1440 2515 veritatis
1468 2435 1717 2516 vadimonium
1742 2441 1782 2519 in
1810 2440 1846 2522 se

424 2535 640 2637 susceperint
659 2561 785 2612 eorum
809 2537 994 2628 omnium,
1024 2563 1099 2636 qua
1115 2535 1296 2638 Hagecius
1318 2535 1355 2613 in
1382 2538 1450 2614 suis
1472 2538 1669 2618 Annalibus
1689 2542 1846 2646 seripfir,

403 2661 540 2738 xeaque
557 2660 725 2735 tanquam
744 2661 838 2713 cerm
861 2638 943 2713 orbi
960 2639 1098 2714 literato
1125 2635 1282 2738 persuum
1300 2638 1501 2732 voluerint,
1529 2665 1588 2716 aut
1610 2639 1677 2744 ipsi
1701 2670 1772 2744 pro
1791 2643 1843 2720 hi·

417 2733 555 2822 'storica
579 2735 653 2813 fide
679 2761 795 2826 coece,
820 2761 868 2812 ut·
885 2735 932 2812 ita
948 2735 1090 2827 dicam,
1118 2735 1448 2838 apprehenderint,
1473 2737 1743 2843 indubitataque
1768 2745 1845 2822 exi·

403 2835 674 2923 'stimarerinti
727 2840 815 2912 Non
841 2834 912 2912 alio
943 2838 1075 2938 speelat
1099 2834 1643 2943 reminundi.1,privi1egium,
1670 2870 1748 2920 non
1774 2845 1844 2924 alio

424 2937 531 3022 trium
553 2943 744 3014 Procerum
765 2935 961 3013 censura-⁴&
980 2937 1168 3030 judicium,
1195 2937 1408 3032 afuturus,
1439 2967 1545 3040 quarn
1567 2941 1670 3042 quod
1687 2945 1848 3048 Hagecii

425 3041 580 3122 Annales
602 3040 705 3138 prelo
722 3035 899 3114 committi
922 3037 1099 3140 polsentr
1117 3037 1328 3138 neminique
1353 3037 1446 3117 intre
1465 3041 1681 3120 decennium
1701 3071 1764 3123 eos
1794 3071 1844 3123 re·

424 3135 557 3218 cudere
572 3136 622 3212 fas
641 3137 734 3214 effer.
793 3141 977 3236 Nusquam
1003 3138 1049 3214 illi
1072 3138 1177 3214 litlem
1197 3139 1294 3216 suam
1312 3137 1588 3242 interposuere,
1613 3169 1721 3241 quatu
1752 3172 1840 3246 pro-

425 3235 663 3340 pugnandam
676 3234 806 3311 merito
824 3236 993 3337 Hagecio
1019 3238 1263 3339 permiserunt.
1339 3244 1428 3318 Nee
1443 3242 1710 3335 Lobkov'tcius,
1738 3247 1844 3341 Hod-
1881 3325 1886 3338 ,

328 3433 329 3437 ¹
424 3335 637 3440 gegovius,
660 3335 936 3436 Sedleciusque,
969 3363 1123 3436 quorum
1154 3336 1426 3433 authoritatem,
1452 3342 1843 3448 scientirnmprudeu-
1909 3393 1912 3397 ·

424 3441 583 3535 tiamque
600 3433 810 3514 immensum
828 3461 1042 3539 exaggeras,
1065 3435 1106 3544 ‘in
1131 3435 1306 3541 negorio,
1334 3442 1744 3545 quodHtrgecianoruru
1763 3455 1844 3526 An·

426 3536 559 3616 naliunr
576 3534 880 3640 approbationem
898 3537 1047 3638 speciae,
1061 3535 1132 3614 alio
1151 3537 1303 3614 nomine
1321 3539 1496 3643 tituloque
1516 3543 1731 3647 suspiciendi
1750 3545 1853 3641 sunt,¹

425 3663 532 3740 quam
550 3635 729 3714 Censores
757 3636 880 3737 aeq-n,
908 3636 1034 3736 quibus
1057 3639 1210 3716 eueteri
1227 3639 1454 3734 Cancellariae
1475 3647 1594 3748 Regia
1619 3643 1713 3750 stylo
1739 3675 1844 3726 cont·

397 3737 561 3816 ‘missurn
580 3737 665 3828 fuit,
692 3737 730 3812 ut
746 3763 837 3837 opus
856 3735 916 3812 sub
940 3739 1121 3814 censuram
1141 3739 1331 3841 recipiant,
1357 3769 1604 3844 caveantque,
1629 3774 1677 3824 ne
1697 3747 1786 3848 quid
1808 3749 1845 3828 in

425 3835 648 3916 eoadversus
670 3837 927 3937 Religionem,
954 3839 1071 3914 bonos
1102 3866 1247 3928 mores,
1274 3842 1392 3946 Regni
1420 3845 1716 3942 constitutiones,
1745 3850 1850 3928 Poli-

424 3941 608 4034 ticumque
626 3933 751 4012 statum
768 3936 804 4010 in
822 3938 1000 4036 publicam
1020 3941 1132 4014 lucem
1154 3937 1325 4040 prodent·;
1351 3943 1396 4021 de
1416 3944 1614 4024 veritate&
1632 3947 1703 4038 fide
1721 3975 1849 4032 rerum

413 4049 642 4118 marratarunr
663 4034 700 4109 in
729 4059 912 4136 utramque
938 4062 1058 4114 eurem
1078 4038 1271 4118 dormitum
1293 4041 1360 4142 est,
1386 4073 1503 4147 neque
1527 4047 1623 4124 enini
1643 4047 1740 4124 idad
1760 4078 1852 4150 eos,

427 4137 557 4243 quibus
575 4133 656 4213 libri
673 4134 909 4236 inscribuntur
925 4195 937 4232 ,
951 4165 1079 4242 neque
1104 4140 1149 4218 ad
1168 4143 1342 4224 Censores
1362 4148 1436 4225 ullo
1461 4149 1578 4226 modo
1600 4151 1749 4253 speetu,
1778 4155 1851 4253 qui

503 4269 508 4277 ·
1552 4281 1557 4288 ·
1706 4248 1796 4329 ain
