<?xml version="1.0" encoding="UTF-8"?>
<!DOCTYPE html PUBLIC "-//W3C//DTD XHTML 1.0 Transitional//EN"
    "http://www.w3.org/TR/xhtml1/DTD/xhtml1-transitional.dtd">
<html xmlns="http://www.w3.org/1999/xhtml" xml:lang="en" lang="en">
 <head>
  <title>
</title>
<meta http-equiv="Content-Type" content="text/html;charset=utf-8" />
  <meta name='ocr-system' content='tesseract 3.04.00' />
  <meta name='ocr-capabilities' content='ocr_page ocr_carea ocr_par ocr_line ocrx_word'/>
</head>
<body>
  <div class='ocr_page' id='page_1' title='image "./gelasiidobneras00dobngoog_0339.png"; bbox 0 0 3820 4820; ppageno 0'>
   <div class='ocr_carea' id='block_1_1' title="bbox 251 271 1495 378">
    <p class='ocr_par' dir='ltr' id='par_1_1' title="bbox 251 271 1495 378">
     <span class='ocr_line' id='line_1_1' title="bbox 251 271 1495 378; baseline 0.003 -26"><span class='ocrx_word' id='word_1_1' title='bbox 251 271 253 276; x_wconf 64' lang='grc'><em>’</em></span> <span class='ocrx_word' id='word_1_2' title='bbox 356 279 495 353; x_wconf 78' lang='lat' dir='ltr'>l&#39;laorr</span> <span class='ocrx_word' id='word_1_3' title='bbox 519 275 546 352; x_wconf 89' lang='lat' dir='ltr'>l.</span> <span class='ocrx_word' id='word_1_4' title='bbox 576 271 1041 372; x_wconf 67' lang='lat' dir='ltr'>[tantummode.</span> <span class='ocrx_word' id='word_1_5' title='bbox 1075 273 1179 354; x_wconf 83' lang='lat' dir='ltr'>XVI.</span> <span class='ocrx_word' id='word_1_6' title='bbox 1426 300 1495 378; x_wconf 77' lang='lat'>321</span> 
     </span>
    </p>
   </div>
   <div class='ocr_carea' id='block_1_2' title="bbox 60 419 1684 845">
    <p class='ocr_par' dir='ltr' id='par_1_2' title="bbox 60 419 1684 845">
     <span class='ocr_line' id='line_1_2' title="bbox 61 419 1684 534; baseline -0.006 -22"><span class='ocrx_word' id='word_1_7' title='bbox 61 455 236 534; x_wconf 82' lang='lat' dir='ltr'>nusquam</span> <span class='ocrx_word' id='word_1_8' title='bbox 245 419 523 518; x_wconf 81' lang='lat' dir='ltr'>Ferdinandum3</span> <span class='ocrx_word' id='word_1_9' title='bbox 540 422 615 500; x_wconf 93' lang='lat' dir='ltr'>imo</span> <span class='ocrx_word' id='word_1_10' title='bbox 628 423 721 498; x_wconf 86' lang='lat' dir='ltr'>clare</span> <span class='ocrx_word' id='word_1_11' title='bbox 733 419 770 497; x_wconf 96' lang='lat' dir='ltr'>in</span> <span class='ocrx_word' id='word_1_12' title='bbox 781 419 988 524; x_wconf 76' lang='lat' dir='ltr'>prefatione</span> <span class='ocrx_word' id='word_1_13' title='bbox 1002 449 1044 500; x_wconf 89' lang='lat' dir='ltr'>ac</span> <span class='ocrx_word' id='word_1_14' title='bbox 1060 419 1289 526; x_wconf 77' lang='lat' dir='ltr'>dedicatione</span> <span class='ocrx_word' id='word_1_15' title='bbox 1298 419 1390 502; x_wconf 89' lang='lat' dir='ltr'>illius</span> <span class='ocrx_word' id='word_1_16' title='bbox 1399 426 1497 529; x_wconf 79' lang='lat' dir='ltr'>leges</span> <span class='ocrx_word' id='word_1_17' title='bbox 1514 446 1684 530; x_wconf 61' lang='lat' dir='ltr'>Luem,</span> 
     </span>
     <span class='ocr_line' id='line_1_3' title="bbox 61 521 1603 633; baseline -0.009 -15"><span class='ocrx_word' id='word_1_18' title='bbox 61 565 141 618; x_wconf 87' lang='lat' dir='ltr'>non</span> <span class='ocrx_word' id='word_1_19' title='bbox 159 530 361 633; x_wconf 81' lang='lat' dir='ltr'>Hageciuro</span> <span class='ocrx_word' id='word_1_20' title='bbox 380 554 399 602; x_wconf 86' lang='lat' dir='ltr'>a</span> <span class='ocrx_word' id='word_1_21' title='bbox 419 524 647 602; x_wconf 86' lang='lat' dir='ltr'>Ferdinando</span> <span class='ocrx_word' id='word_1_22' title='bbox 667 521 891 626; x_wconf 86' lang='lat' dir='ltr'>persuafione</span> <span class='ocrx_word' id='word_1_23' title='bbox 909 551 952 600; x_wconf 84' lang='lat' dir='ltr'>ac</span> <span class='ocrx_word' id='word_1_24' title='bbox 969 523 1167 628; x_wconf 85' lang='lat' dir='ltr'>privilegio</span> <span class='ocrx_word' id='word_1_25' title='bbox 1183 525 1286 605; x_wconf 80' lang='lat' dir='ltr'>fuisse</span> <span class='ocrx_word' id='word_1_26' title='bbox 1310 551 1496 631; x_wconf 81' lang='lat' dir='ltr'>provoca-</span> <span class='ocrx_word' id='word_1_27' title='bbox 1597 581 1603 604; x_wconf 86' lang='lat'>.</span> 
     </span>
     <span class='ocr_line' id='line_1_4' title="bbox 62 617 1658 732; baseline -0.006 -19"><span class='ocrx_word' id='word_1_28' title='bbox 62 666 149 728; x_wconf 89' lang='lat' dir='ltr'>tum,</span> <span class='ocrx_word' id='word_1_29' title='bbox 160 631 220 709; x_wconf 87' lang='lat' dir='ltr'>sed</span> <span class='ocrx_word' id='word_1_30' title='bbox 234 626 497 707; x_wconf 70' lang='lat' dir='ltr'>ferdinandum</span> <span class='ocrx_word' id='word_1_31' title='bbox 515 631 559 702; x_wconf 87' lang='lat' dir='ltr'>ab</span> <span class='ocrx_word' id='word_1_32' title='bbox 571 623 736 726; x_wconf 85' lang='lat' dir='ltr'>Hageeio</span> <span class='ocrx_word' id='word_1_33' title='bbox 754 622 1364 732; x_wconf 73' lang='lat' dir='ltr'>fuilieimploratum-precibusque</span> <span class='ocrx_word' id='word_1_34' title='bbox 1381 630 1496 707; x_wconf 84' lang='lat' dir='ltr'>inter·</span> <span class='ocrx_word' id='word_1_35' title='bbox 1649 617 1658 644; x_wconf 74' lang='lat'>⁸</span> 
     </span>
     <span class='ocr_line' id='line_1_5' title="bbox 60 723 1494 845; baseline -0.006 -30"><span class='ocrx_word' id='word_1_36' title='bbox 60 741 231 845; x_wconf 86' lang='lat' dir='ltr'>pellatu&#39;m</span> <span class='ocrx_word' id='word_1_37' title='bbox 251 732 295 808; x_wconf 91' lang='lat' dir='ltr'>ad</span> <span class='ocrx_word' id='word_1_38' title='bbox 313 726 583 808; x_wconf 74' lang='lat' dir='ltr'>concedendam</span> <span class='ocrx_word' id='word_1_39' title='bbox 603 725 666 801; x_wconf 88' lang='lat' dir='ltr'>fibi</span> <span class='ocrx_word' id='word_1_40' title='bbox 682 723 859 802; x_wconf 80' lang='lat' dir='ltr'><strong>licentiam</strong></span> <span class='ocrx_word' id='word_1_41' title='bbox 871 728 1028 804; x_wconf 84' lang='lat' dir='ltr'>Annales</span> <span class='ocrx_word' id='word_1_42' title='bbox 1048 727 1128 804; x_wconf 88' lang='lat' dir='ltr'>suos</span> <span class='ocrx_word' id='word_1_43' title='bbox 1148 731 1255 832; x_wconf 88' lang='lat' dir='ltr'>prelo</span> <span class='ocrx_word' id='word_1_44' title='bbox 1271 729 1494 828; x_wconf 83' lang='lat' dir='ltr'>subjiciendi,</span> 
     </span>
    </p>
   </div>
   <div class='ocr_carea' id='block_1_3' title="bbox 3 826 1653 3460">
    <p class='ocr_par' dir='ltr' id='par_1_3' title="bbox 3 826 1653 3460">
     <span class='ocr_line' id='line_1_6' title="bbox 59 826 1493 945; baseline -0.007 -26"><span class='ocrx_word' id='word_1_45' title='bbox 59 841 103 918; x_wconf 87' lang='lat' dir='ltr'>ad</span> <span class='ocrx_word' id='word_1_46' title='bbox 116 833 341 915; x_wconf 83' lang='lat' dir='ltr'>exorandum</span> <span class='ocrx_word' id='word_1_47' title='bbox 363 827 609 935; x_wconf 84' lang='lat' dir='ltr'>privilegium,</span> <span class='ocrx_word' id='word_1_48' title='bbox 629 851 676 903; x_wconf 88' lang='lat' dir='ltr'>ne</span> <span class='ocrx_word' id='word_1_49' title='bbox 692 827 850 902; x_wconf 85' lang='lat' dir='ltr'>Annales</span> <span class='ocrx_word' id='word_1_50' title='bbox 868 826 917 901; x_wconf 87' lang='lat' dir='ltr'>sui</span> <span class='ocrx_word' id='word_1_51' title='bbox 940 853 1022 904; x_wconf 92' lang='lat' dir='ltr'>cum</span> <span class='ocrx_word' id='word_1_52' title='bbox 1039 829 1096 905; x_wconf 84' lang='lat' dir='ltr'>sua</span> <span class='ocrx_word' id='word_1_53' title='bbox 1108 831 1410 945; x_wconf 76' lang='lat' dir='ltr'>typograplrique</span> <span class='ocrx_word' id='word_1_54' title='bbox 1423 831 1493 930; x_wconf 86' lang='lat' dir='ltr'>jac·</span> 
     </span>
     <span class='ocr_line' id='line_1_7' title="bbox 59 925 1492 1021; baseline -0.006 -1"><span class='ocrx_word' id='word_1_55' title='bbox 59 967 136 1021; x_wconf 89' lang='lat' dir='ltr'>tura</span> <span class='ocrx_word' id='word_1_56' title='bbox 160 937 198 1013; x_wconf 91' lang='lat' dir='ltr'>in</span> <span class='ocrx_word' id='word_1_57' title='bbox 225 933 324 1012; x_wconf 91' lang='lat' dir='ltr'>terris</span> <span class='ocrx_word' id='word_1_58' title='bbox 344 929 563 1008; x_wconf 79' lang='lat' dir='ltr'>hereditariis</span> <span class='ocrx_word' id='word_1_59' title='bbox 582 925 771 1008; x_wconf 78' lang='lat' dir='ltr'>Austriacis</span> <span class='ocrx_word' id='word_1_60' title='bbox 797 928 842 1002; x_wconf 87' lang='lat' dir='ltr'>ab</span> <span class='ocrx_word' id='word_1_61' title='bbox 864 925 938 1003; x_wconf 85' lang='lat' dir='ltr'>aliis</span> <span class='ocrx_word' id='word_1_62' title='bbox 964 929 1126 1008; x_wconf 87' lang='lat' dir='ltr'>secundis</span> <span class='ocrx_word' id='word_1_63' title='bbox 1151 957 1244 1008; x_wconf 78' lang='lat' dir='ltr'>caras</span> <span class='ocrx_word' id='word_1_64' title='bbox 1270 934 1492 1012; x_wconf 84' lang='lat' dir='ltr'>excuderen-</span> 
     </span>
     <span class='ocr_line' id='line_1_8' title="bbox 57 1027 1450 1140; baseline -0.002 -28"><span class='ocrx_word' id='word_1_65' title='bbox 57 1069 125 1120; x_wconf 73' lang='lat' dir='ltr'>tur.</span> <span class='ocrx_word' id='word_1_66' title='bbox 151 1037 204 1121; x_wconf 84' lang='lat' dir='ltr'>(a)</span> <span class='ocrx_word' id='word_1_67' title='bbox 234 1038 356 1134; x_wconf 79' lang='lat' dir='ltr'>Stripfit</span> <span class='ocrx_word' id='word_1_68' title='bbox 377 1033 449 1132; x_wconf 84' lang='lat' dir='ltr'>(ais</span> <span class='ocrx_word' id='word_1_69' title='bbox 467 1028 651 1131; x_wconf 87' lang='lat' dir='ltr'>secundo)</span> <span class='ocrx_word' id='word_1_70' title='bbox 668 1058 730 1104; x_wconf 83' lang='lat' dir='ltr'>nun</span> <span class='ocrx_word' id='word_1_71' title='bbox 743 1029 802 1128; x_wconf 78' lang='lat' dir='ltr'>sirit</span> <span class='ocrx_word' id='word_1_72' title='bbox 818 1040 908 1105; x_wconf 75' lang='lat' dir='ltr'>mats</span> <span class='ocrx_word' id='word_1_73' title='bbox 915 1027 977 1128; x_wconf 79' lang='lat' dir='ltr'>sed</span> <span class='ocrx_word' id='word_1_74' title='bbox 991 1043 1090 1106; x_wconf 82' lang='lat' dir='ltr'>trium</span> <span class='ocrx_word' id='word_1_75' title='bbox 1105 1045 1337 1121; x_wconf 72' lang='lat' dir='ltr'>maximenon,</span> <span class='ocrx_word' id='word_1_76' title='bbox 1360 1046 1421 1140; x_wconf 85' lang='lat' dir='ltr'>qui</span> <span class='ocrx_word' id='word_1_77' title='bbox 1431 1045 1450 1139; x_wconf 76' lang='lat' dir='ltr'><strong><em>j</em></strong></span> 
     </span>
     <span class='ocr_line' id='line_1_9' title="bbox 56 1131 1491 1238; baseline -0.004 -20"><span class='ocrx_word' id='word_1_78' title='bbox 56 1147 148 1221; x_wconf 80' lang='lat' dir='ltr'>ditiis</span> <span class='ocrx_word' id='word_1_79' title='bbox 165 1148 256 1235; x_wconf 62' lang='lat' dir='ltr'>requi</span> <span class='ocrx_word' id='word_1_80' title='bbox 272 1157 441 1238; x_wconf 58' lang='lat' dir='ltr'>preerant,</span> <span class='ocrx_word' id='word_1_81' title='bbox 464 1133 824 1208; x_wconf 68' lang='lat' dir='ltr'>&amp;renumerandum</span> <span class='ocrx_word' id='word_1_82' title='bbox 885 1131 1063 1208; x_wconf 83' lang='lat' dir='ltr'>Setinum</span> <span class='ocrx_word' id='word_1_83' title='bbox 1086 1132 1126 1209; x_wconf 88' lang='lat' dir='ltr'>hi</span> <span class='ocrx_word' id='word_1_84' title='bbox 1154 1161 1225 1212; x_wconf 84' lang='lat' dir='ltr'>tres</span> <span class='ocrx_word' id='word_1_85' title='bbox 1241 1136 1424 1228; x_wconf 72' lang='lat' dir='ltr'>Cotonea,</span> <span class='ocrx_word' id='word_1_86' title='bbox 1448 1163 1491 1222; x_wconf 80' lang='lat' dir='ltr'>ut</span> 
     </span>
     <span class='ocr_line' id='line_1_10' title="bbox 5 1221 1491 1345; baseline -0.004 -25"><span class='ocrx_word' id='word_1_87' title='bbox 5 1258 11 1264; x_wconf 84' lang='lat'>&#39;</span> <span class='ocrx_word' id='word_1_88' title='bbox 56 1269 159 1320; x_wconf 86' lang='lat' dir='ltr'>erant</span> <span class='ocrx_word' id='word_1_89' title='bbox 187 1221 403 1316; x_wconf 70' lang='lat' dir='ltr'>durboritate</span> <span class='ocrx_word' id='word_1_90' title='bbox 427 1259 581 1336; x_wconf 82' lang='lat' dir='ltr'>graues,</span> <span class='ocrx_word' id='word_1_91' title='bbox 609 1257 758 1306; x_wconf 87' lang='lat' dir='ltr'>munere</span> <span class='ocrx_word' id='word_1_92' title='bbox 785 1229 993 1345; x_wconf 74' lang='lat' dir='ltr'>conspicui,</span> <span class='ocrx_word' id='word_1_93' title='bbox 1028 1231 1302 1338; x_wconf 74' lang='lat' dir='ltr'>jurisprudentia</span> <span class='ocrx_word' id='word_1_94' title='bbox 1324 1237 1491 1340; x_wconf 70' lang='lat' dir='ltr'>spedati,</span> 
     </span>
     <span class='ocr_line' id='line_1_11' title="bbox 5 1330 1653 1436; baseline -0.004 -12"><span class='ocrx_word' id='word_1_95' title='bbox 5 1429 6 1432; x_wconf 56' lang='grc'>,</span> <span class='ocrx_word' id='word_1_96' title='bbox 57 1346 162 1424; x_wconf 85' lang='lat' dir='ltr'>etiam</span> <span class='ocrx_word' id='word_1_97' title='bbox 187 1334 362 1428; x_wconf 82' lang='lat' dir='ltr'>historiar,</span> <span class='ocrx_word' id='word_1_98' title='bbox 390 1331 654 1434; x_wconf 85' lang='lat' dir='ltr'>&amp;cumprimis</span> <span class='ocrx_word' id='word_1_99' title='bbox 679 1330 823 1408; x_wconf 81' lang='lat' dir='ltr'>Criticae</span> <span class='ocrx_word' id='word_1_100' title='bbox 842 1333 1110 1411; x_wconf 80' lang='lat' dir='ltr'>scientiaeranr</span> <span class='ocrx_word' id='word_1_101' title='bbox 1134 1337 1306 1426; x_wconf 74' lang='lat' dir='ltr'>illustret}</span> <span class='ocrx_word' id='word_1_102' title='bbox 1332 1339 1493 1436; x_wconf 87' lang='lat' dir='ltr'>Pridem,</span> <span class='ocrx_word' id='word_1_103' title='bbox 1546 1361 1553 1369; x_wconf 48' lang='lat'>‘⁸</span> <span class='ocrx_word' id='word_1_104' title='bbox 1649 1346 1653 1354; x_wconf 81' lang='grc'><strong>’</strong></span> 
     </span>
     <span class='ocr_line' id='line_1_12' title="bbox 14 1431 1492 1540; baseline -0.003 -17"><span class='ocrx_word' id='word_1_105' title='bbox 14 1469 28 1488; x_wconf 60' lang='grc'>“’</span> <span class='ocrx_word' id='word_1_106' title='bbox 57 1471 94 1522; x_wconf 93' lang='lat' dir='ltr'>ut</span> <span class='ocrx_word' id='word_1_107' title='bbox 117 1440 240 1522; x_wconf 81' lang='lat' dir='ltr'>verbis</span> <span class='ocrx_word' id='word_1_108' title='bbox 269 1437 336 1520; x_wconf 86' lang='lat' dir='ltr'>tuis</span> <span class='ocrx_word' id='word_1_109' title='bbox 364 1461 468 1528; x_wconf 89' lang='lat' dir='ltr'>utar,</span> <span class='ocrx_word' id='word_1_110' title='bbox 503 1436 578 1511; x_wconf 78' lang='lat' dir='ltr'>hec</span> <span class='ocrx_word' id='word_1_111' title='bbox 601 1459 734 1510; x_wconf 89' lang='lat' dir='ltr'>nucum</span> <span class='ocrx_word' id='word_1_112' title='bbox 762 1431 945 1534; x_wconf 76' lang='lat' dir='ltr'>putamina</span> <span class='ocrx_word' id='word_1_113' title='bbox 971 1439 1202 1532; x_wconf 82' lang='lat' dir='ltr'>exctrffimus,</span> <span class='ocrx_word' id='word_1_114' title='bbox 1229 1465 1312 1540; x_wconf 80' lang='lat' dir='ltr'>cum</span> <span class='ocrx_word' id='word_1_115' title='bbox 1331 1439 1492 1518; x_wconf 89' lang='lat' dir='ltr'>ollendi-</span> 
     </span>
     <span class='ocr_line' id='line_1_13' title="bbox 55 1533 1490 1640; baseline -0.001 -18"><span class='ocrx_word' id='word_1_116' title='bbox 55 1575 131 1622; x_wconf 84' lang='lat' dir='ltr'>mus</span> <span class='ocrx_word' id='word_1_117' title='bbox 151 1548 221 1620; x_wconf 87' lang='lat' dir='ltr'>hos</span> <span class='ocrx_word' id='word_1_118' title='bbox 248 1563 317 1613; x_wconf 88' lang='lat' dir='ltr'>tres</span> <span class='ocrx_word' id='word_1_119' title='bbox 336 1537 455 1639; x_wconf 85' lang='lat' dir='ltr'>Regni</span> <span class='ocrx_word' id='word_1_120' title='bbox 476 1539 650 1612; x_wconf 86' lang='lat' dir='ltr'>Proceres</span> <span class='ocrx_word' id='word_1_121' title='bbox 670 1533 766 1612; x_wconf 88' lang='lat' dir='ltr'>haud</span> <span class='ocrx_word' id='word_1_122' title='bbox 783 1533 879 1609; x_wconf 88' lang='lat' dir='ltr'>aliud</span> <span class='ocrx_word' id='word_1_123' title='bbox 895 1560 1001 1634; x_wconf 90' lang='lat' dir='ltr'>quam</span> <span class='ocrx_word' id='word_1_124' title='bbox 1023 1536 1158 1640; x_wconf 85' lang='lat' dir='ltr'>Regios</span> <span class='ocrx_word' id='word_1_125' title='bbox 1176 1540 1357 1620; x_wconf 84' lang='lat' dir='ltr'>Censores</span> <span class='ocrx_word' id='word_1_126' title='bbox 1376 1541 1490 1638; x_wconf 74' lang='lat' dir='ltr'>atille,</span> 
     </span>
     <span class='ocr_line' id='line_1_14' title="bbox 51 1632 1489 1746; baseline -0.003 -29"><span class='ocrx_word' id='word_1_127' title='bbox 51 1649 178 1746; x_wconf 77' lang='lat' dir='ltr'>&#39;quales</span> <span class='ocrx_word' id='word_1_128' title='bbox 205 1649 237 1716; x_wconf 77' lang='lat' dir='ltr'>be</span> <span class='ocrx_word' id='word_1_129' title='bbox 258 1637 369 1716; x_wconf 86' lang='lat' dir='ltr'>bodie</span> <span class='ocrx_word' id='word_1_130' title='bbox 390 1642 435 1712; x_wconf 89' lang='lat' dir='ltr'>ab</span> <span class='ocrx_word' id='word_1_131' title='bbox 456 1633 616 1738; x_wconf 82' lang='lat' dir='ltr'>Augusta</span> <span class='ocrx_word' id='word_1_132' title='bbox 632 1632 751 1710; x_wconf 90' lang='lat' dir='ltr'>nostra</span> <span class='ocrx_word' id='word_1_133' title='bbox 776 1632 956 1740; x_wconf 83' lang='lat' dir='ltr'>defignari</span> <span class='ocrx_word' id='word_1_134' title='bbox 976 1638 1110 1732; x_wconf 90' lang='lat' dir='ltr'>soient,</span> <span class='ocrx_word' id='word_1_135' title='bbox 1137 1667 1292 1740; x_wconf 88' lang='lat' dir='ltr'>quorum</span> <span class='ocrx_word' id='word_1_136' title='bbox 1311 1643 1347 1716; x_wconf 92' lang='lat' dir='ltr'>id</span> <span class='ocrx_word' id='word_1_137' title='bbox 1375 1671 1489 1722; x_wconf 79' lang='lat' dir='ltr'>anum</span> 
     </span>
     <span class='ocr_line' id='line_1_15' title="bbox 55 1732 1486 1838; baseline 0 -16"><span class='ocrx_word' id='word_1_138' title='bbox 55 1742 218 1822; x_wconf 86' lang='lat' dir='ltr'>bfficium</span> <span class='ocrx_word' id='word_1_139' title='bbox 239 1765 315 1818; x_wconf 87' lang='lat' dir='ltr'>erat</span> <span class='ocrx_word' id='word_1_140' title='bbox 333 1765 488 1830; x_wconf 85' lang='lat' dir='ltr'>cavere,</span> <span class='ocrx_word' id='word_1_141' title='bbox 515 1765 562 1813; x_wconf 87' lang='lat' dir='ltr'>ne</span> <span class='ocrx_word' id='word_1_142' title='bbox 589 1732 664 1811; x_wconf 84' lang='lat' dir='ltr'>falli</span> <span class='ocrx_word' id='word_1_143' title='bbox 684 1734 838 1838; x_wconf 82' lang='lat' dir='ltr'>Hagecii</span> <span class='ocrx_word' id='word_1_144' title='bbox 856 1734 1044 1837; x_wconf 82' lang='lat' dir='ltr'>quidpiam</span> <span class='ocrx_word' id='word_1_145' title='bbox 1072 1767 1198 1817; x_wconf 89' lang='lat' dir='ltr'>contra</span> <span class='ocrx_word' id='word_1_146' title='bbox 1217 1744 1335 1830; x_wconf 85' lang='lat' dir='ltr'>bonos</span> <span class='ocrx_word' id='word_1_147' title='bbox 1351 1769 1486 1838; x_wconf 86' lang='lat' dir='ltr'>mores,</span> 
     </span>
     <span class='ocr_line' id='line_1_16' title="bbox 54 1835 1487 1955; baseline 0.001 -33"><span class='ocrx_word' id='word_1_148' title='bbox 54 1847 295 1950; x_wconf 83' lang='lat' dir='ltr'>religionem,</span> <span class='ocrx_word' id='word_1_149' title='bbox 324 1840 465 1918; x_wconf 83' lang='lat' dir='ltr'>civilem</span> <span class='ocrx_word' id='word_1_150' title='bbox 488 1836 750 1955; x_wconf 84' lang='lat' dir='ltr'>politicumque</span> <span class='ocrx_word' id='word_1_151' title='bbox 768 1835 890 1911; x_wconf 84' lang='lat' dir='ltr'>ilatum</span> <span class='ocrx_word' id='word_1_152' title='bbox 916 1840 1169 1937; x_wconf 78' lang='lat' dir='ltr'>continerent3</span> <span class='ocrx_word' id='word_1_153' title='bbox 1189 1869 1307 1921; x_wconf 89' lang='lat' dir='ltr'>rerum</span> <span class='ocrx_word' id='word_1_154' title='bbox 1326 1839 1487 1923; x_wconf 39' lang='lat' dir='ltr'>narrata*-</span> 
     </span>
     <span class='ocr_line' id='line_1_17' title="bbox 42 1935 1484 2052; baseline 0 -27"><span class='ocrx_word' id='word_1_155' title='bbox 42 1973 131 2026; x_wconf 90' lang='lat' dir='ltr'>.rum</span> <span class='ocrx_word' id='word_1_156' title='bbox 166 1948 251 2022; x_wconf 89' lang='lat' dir='ltr'>lides</span> <span class='ocrx_word' id='word_1_157' title='bbox 277 1953 312 2020; x_wconf 70' lang='grc' dir='ltr'><strong>δι</strong></span> <span class='ocrx_word' id='word_1_158' title='bbox 336 1941 463 2018; x_wconf 83' lang='lat' dir='ltr'>veritas</span> <span class='ocrx_word' id='word_1_159' title='bbox 490 1937 680 2015; x_wconf 86' lang='lat' dir='ltr'>mnredio</span> <span class='ocrx_word' id='word_1_160' title='bbox 704 1935 844 2032; x_wconf 69' lang='lat' dir='ltr'>relide,</span> <span class='ocrx_word' id='word_1_161' title='bbox 871 1965 977 2037; x_wconf 86' lang='lat' dir='ltr'>quam</span> <span class='ocrx_word' id='word_1_162' title='bbox 1008 1945 1166 2044; x_wconf 86' lang='lat' dir='ltr'>probare</span> <span class='ocrx_word' id='word_1_163' title='bbox 1188 1971 1230 2022; x_wconf 91' lang='lat' dir='ltr'>ac</span> <span class='ocrx_word' id='word_1_164' title='bbox 1246 1970 1484 2052; x_wconf 84' lang='lat' dir='ltr'>propugnare</span> 
     </span>
     <span class='ocr_line' id='line_1_18' title="bbox 51 2039 1486 2148; baseline 0.002 -24"><span class='ocrx_word' id='word_1_165' title='bbox 51 2045 333 2148; x_wconf 81' lang='lat' dir='ltr'>lolius&#39;Hagecii</span> <span class='ocrx_word' id='word_1_166' title='bbox 351 2042 531 2120; x_wconf 86' lang='lat' dir='ltr'>intererat.</span> <span class='ocrx_word' id='word_1_167' title='bbox 582 2043 705 2114; x_wconf 86' lang='lat' dir='ltr'>Nemo</span> <span class='ocrx_word' id='word_1_168' title='bbox 733 2039 902 2140; x_wconf 71' lang='lat' dir='ltr'>profedo</span> <span class='ocrx_word' id='word_1_169' title='bbox 928 2045 1135 2122; x_wconf 75' lang='lat' dir='ltr'>Censorum‘</span> <span class='ocrx_word' id='word_1_170' title='bbox 1153 2044 1300 2124; x_wconf 88' lang='lat' dir='ltr'>illorum</span> <span class='ocrx_word' id='word_1_171' title='bbox 1326 2053 1385 2124; x_wconf 85' lang='lat' dir='ltr'>vel</span> <span class='ocrx_word' id='word_1_172' title='bbox 1407 2077 1486 2130; x_wconf 88' lang='lat' dir='ltr'>uno</span> 
     </span>
     <span class='ocr_line' id='line_1_19' title="bbox 4 2138 1486 2243; baseline 0.005 -25"><span class='ocrx_word' id='word_1_173' title='bbox 4 2205 7 2218; x_wconf 90' lang='lat'>.</span> <span class='ocrx_word' id='word_1_174' title='bbox 50 2151 172 2226; x_wconf 83' lang='lat' dir='ltr'>uerbo</span> <span class='ocrx_word' id='word_1_175' title='bbox 202 2141 359 2219; x_wconf 83' lang='lat' dir='ltr'>laudarit</span> <span class='ocrx_word' id='word_1_176' title='bbox 387 2145 542 2218; x_wconf 75' lang='lat' dir='ltr'>Annales</span> <span class='ocrx_word' id='word_1_177' title='bbox 567 2138 754 2243; x_wconf 85' lang='lat' dir='ltr'>Hagecii,</span> <span class='ocrx_word' id='word_1_178' title='bbox 788 2142 847 2214; x_wconf 72' lang='lat' dir='ltr'>stu</span> <span class='ocrx_word' id='word_1_179' title='bbox 875 2168 938 2216; x_wconf 86' lang='lat' dir='ltr'>eos</span> <span class='ocrx_word' id='word_1_180' title='bbox 967 2141 1164 2242; x_wconf 84' lang='lat' dir='ltr'>posteritati</span> <span class='ocrx_word' id='word_1_181' title='bbox 1191 2150 1486 2243; x_wconf 85' lang='lat' dir='ltr'>commendarit,</span> 
     </span>
     <span class='ocr_line' id='line_1_20' title="bbox 48 2239 1509 2342; baseline 0.001 -17"><span class='ocrx_word' id='word_1_182' title='bbox 48 2251 114 2325; x_wconf 86' lang='lat' dir='ltr'>seu</span> <span class='ocrx_word' id='word_1_183' title='bbox 139 2247 248 2329; x_wconf 86' lang='lat' dir='ltr'>fidem</span> <span class='ocrx_word' id='word_1_184' title='bbox 269 2245 362 2318; x_wconf 90' lang='lat' dir='ltr'>suam</span> <span class='ocrx_word' id='word_1_185' title='bbox 385 2249 419 2318; x_wconf 79' lang='lat' dir='ltr'>dt</span> <span class='ocrx_word' id='word_1_186' title='bbox 441 2239 686 2338; x_wconf 79' lang='lat' dir='ltr'>vadimonium</span> <span class='ocrx_word' id='word_1_187' title='bbox 713 2239 951 2342; x_wconf 81' lang='lat' dir='ltr'>interpofirir3</span> <span class='ocrx_word' id='word_1_188' title='bbox 978 2244 1116 2318; x_wconf 93' lang='lat' dir='ltr'>nudum</span> <span class='ocrx_word' id='word_1_189' title='bbox 1146 2245 1196 2320; x_wconf 91' lang='lat' dir='ltr'>illi</span> <span class='ocrx_word' id='word_1_190' title='bbox 1220 2273 1357 2327; x_wconf 84' lang='lat' dir='ltr'>nomen</span> <span class='ocrx_word' id='word_1_191' title='bbox 1382 2253 1482 2328; x_wconf 88' lang='lat' dir='ltr'>lirum</span> <span class='ocrx_word' id='word_1_192' title='bbox 1507 2301 1509 2306; x_wconf 85' lang='lat'><em>·</em></span> 
     </span>
     <span class='ocr_line' id='line_1_21' title="bbox 3 2339 1509 2451; baseline 0.001 -27"><span class='ocrx_word' id='word_1_193' title='bbox 3 2383 5 2392; x_wconf 63' lang='lat'><strong><em>¹</em></strong></span> <span class='ocrx_word' id='word_1_194' title='bbox 47 2345 242 2448; x_wconf 81' lang='lat' dir='ltr'>diplomati</span> <span class='ocrx_word' id='word_1_195' title='bbox 264 2341 478 2420; x_wconf 82' lang='lat' dir='ltr'>Perdinantli</span> <span class='ocrx_word' id='word_1_196' title='bbox 499 2340 794 2443; x_wconf 83' lang='lat' dir='ltr'>subscripserunt,</span> <span class='ocrx_word' id='word_1_197' title='bbox 821 2365 858 2415; x_wconf 90' lang='lat' dir='ltr'>ut</span> <span class='ocrx_word' id='word_1_198' title='bbox 875 2339 1035 2419; x_wconf 81' lang='lat' dir='ltr'>rellatum</span> <span class='ocrx_word' id='word_1_199' title='bbox 1056 2343 1215 2420; x_wconf 86' lang='lat' dir='ltr'>facerent</span> <span class='ocrx_word' id='word_1_200' title='bbox 1237 2347 1305 2422; x_wconf 86' lang='lat' dir='ltr'>hos</span> <span class='ocrx_word' id='word_1_201' title='bbox 1324 2351 1482 2426; x_wconf 83' lang='lat' dir='ltr'>Annales</span> <span class='ocrx_word' id='word_1_202' title='bbox 1505 2433 1509 2451; x_wconf 36' lang='lat'>,</span> 
     </span>
     <span class='ocr_line' id='line_1_22' title="bbox 9 2440 1482 2550; baseline -0.002 -24"><span class='ocrx_word' id='word_1_203' title='bbox 9 2454 11 2463; x_wconf 87' lang='lat'>&#39;</span> <span class='ocrx_word' id='word_1_204' title='bbox 48 2449 117 2544; x_wconf 80' lang='lat' dir='ltr'>ianr</span> <span class='ocrx_word' id='word_1_205' title='bbox 142 2469 355 2550; x_wconf 83' lang='lat' dir='ltr'>repurgatos</span> <span class='ocrx_word' id='word_1_206' title='bbox 375 2443 443 2520; x_wconf 83' lang='lat' dir='ltr'>elie</span> <span class='ocrx_word' id='word_1_207' title='bbox 459 2445 503 2521; x_wconf 86' lang='lat' dir='ltr'>ab</span> <span class='ocrx_word' id='word_1_208' title='bbox 521 2441 590 2534; x_wconf 90' lang='lat' dir='ltr'>iis,</span> <span class='ocrx_word' id='word_1_209' title='bbox 617 2471 694 2543; x_wconf 76' lang='lat' dir='ltr'>qua</span> <span class='ocrx_word' id='word_1_210' title='bbox 718 2440 964 2518; x_wconf 82' lang='lat' dir='ltr'>Ferdinandus</span> <span class='ocrx_word' id='word_1_211' title='bbox 986 2443 1021 2518; x_wconf 89' lang='lat' dir='ltr'>in</span> <span class='ocrx_word' id='word_1_212' title='bbox 1048 2445 1118 2520; x_wconf 88' lang='lat' dir='ltr'>suo&#39;</span> <span class='ocrx_word' id='word_1_213' title='bbox 1136 2445 1335 2548; x_wconf 89' lang='lat' dir='ltr'>diplomate</span> <span class='ocrx_word' id='word_1_214' title='bbox 1362 2447 1482 2540; x_wconf 75' lang='lat' dir='ltr'>iniun-</span> 
     </span>
     <span class='ocr_line' id='line_1_23' title="bbox 50 2543 1484 2654; baseline 0.001 -28"><span class='ocrx_word' id='word_1_215' title='bbox 50 2575 172 2640; x_wconf 79' lang='lat' dir='ltr'>xerat,</span> <span class='ocrx_word' id='word_1_216' title='bbox 200 2569 349 2647; x_wconf 76' lang='lat' dir='ltr'>quaque</span> <span class='ocrx_word' id='word_1_217' title='bbox 379 2545 531 2622; x_wconf 87' lang='lat' dir='ltr'>delenda</span> <span class='ocrx_word' id='word_1_218' title='bbox 555 2551 589 2622; x_wconf 80' lang='grc' dir='ltr'><strong>δι</strong></span> <span class='ocrx_word' id='word_1_219' title='bbox 609 2543 852 2645; x_wconf 82' lang='lat' dir='ltr'>expungenda</span> <span class='ocrx_word' id='word_1_220' title='bbox 881 2544 950 2622; x_wconf 86' lang='lat' dir='ltr'>elle</span> <span class='ocrx_word' id='word_1_221' title='bbox 980 2544 1128 2632; x_wconf 75' lang='lat' dir='ltr'>iullerat.</span> <span class='ocrx_word' id='word_1_222' title='bbox 1201 2553 1325 2648; x_wconf 73' lang='lat' dir='ltr'>Steipfit</span> <span class='ocrx_word' id='word_1_223' title='bbox 1349 2554 1484 2654; x_wconf 78' lang='lat' dir='ltr'>denique</span> 
     </span>
     <span class='ocr_line' id='line_1_24' title="bbox 50 2637 1483 2752; baseline -0.001 -26"><span class='ocrx_word' id='word_1_224' title='bbox 50 2655 70 2749; x_wconf 91' lang='lat'>(</span> <span class='ocrx_word' id='word_1_225' title='bbox 88 2651 274 2752; x_wconf 84' lang='lat' dir='ltr'>postremo</span> <span class='ocrx_word' id='word_1_226' title='bbox 291 2648 337 2723; x_wconf 90' lang='lat' dir='ltr'>ais</span> <span class='ocrx_word' id='word_1_227' title='bbox 357 2648 370 2748; x_wconf 89' lang='lat'><em>)</em></span> <span class='ocrx_word' id='word_1_228' title='bbox 387 2648 557 2750; x_wconf 77' lang='lat' dir='ltr'>erepublica</span> <span class='ocrx_word' id='word_1_229' title='bbox 575 2658 667 2720; x_wconf 77' lang='lat' dir='ltr'>tutius</span> <span class='ocrx_word' id='word_1_230' title='bbox 683 2657 772 2746; x_wconf 78' lang='lat' dir='ltr'>regni</span> <span class='ocrx_word' id='word_1_231' title='bbox 783 2650 946 2744; x_wconf 70' lang='lat' dir='ltr'>jactarit,</span> <span class='ocrx_word' id='word_1_232' title='bbox 964 2647 1018 2744; x_wconf 75' lang='lat' dir='ltr'>[ru</span> <span class='ocrx_word' id='word_1_233' title='bbox 1036 2653 1185 2741; x_wconf 76' lang='lat' dir='ltr'>archivo,</span> <span class='ocrx_word' id='word_1_234' title='bbox 1210 2679 1250 2724; x_wconf 84' lang='lat' dir='ltr'>ex</span> <span class='ocrx_word' id='word_1_235' title='bbox 1267 2659 1396 2750; x_wconf 74' lang='lat' dir='ltr'>integris</span> <span class='ocrx_word' id='word_1_236' title='bbox 1406 2708 1417 2741; x_wconf 95' lang='lat'>,</span> <span class='ocrx_word' id='word_1_237' title='bbox 1433 2637 1483 2744; x_wconf 79' lang='lat' dir='ltr'>ric,</span> 
     </span>
     <span class='ocr_line' id='line_1_25' title="bbox 49 2746 1483 2858; baseline 0.001 -32"><span class='ocrx_word' id='word_1_238' title='bbox 49 2777 214 2858; x_wconf 76' lang='lat' dir='ltr'>antequam</span> <span class='ocrx_word' id='word_1_239' title='bbox 233 2751 498 2838; x_wconf 76' lang='lat' dir='ltr'>comburerentur,</span> <span class='ocrx_word' id='word_1_240' title='bbox 524 2755 616 2849; x_wconf 76' lang='lat' dir='ltr'>regiis</span> <span class='ocrx_word' id='word_1_241' title='bbox 633 2746 756 2822; x_wconf 79' lang='lat' dir='ltr'>tabulis.</span> <span class='ocrx_word' id='word_1_242' title='bbox 807 2749 852 2821; x_wconf 82' lang='lat' dir='ltr'>Et</span> <span class='ocrx_word' id='word_1_243' title='bbox 867 2748 928 2821; x_wconf 83' lang='lat' dir='ltr'>has</span> <span class='ocrx_word' id='word_1_244' title='bbox 951 2749 1066 2847; x_wconf 81' lang='lat' dir='ltr'>paleas</span> <span class='ocrx_word' id='word_1_245' title='bbox 1086 2748 1154 2824; x_wconf 85' lang='lat' dir='ltr'>suis</span> <span class='ocrx_word' id='word_1_246' title='bbox 1179 2749 1268 2825; x_wconf 83' lang='lat' dir='ltr'>locis</span> <span class='ocrx_word' id='word_1_247' title='bbox 1291 2750 1483 2827; x_wconf 81' lang='lat' dir='ltr'>ventilavi·</span> 
     </span>
     <span class='ocr_line' id='line_1_26' title="bbox 52 2843 1480 2952; baseline -0.001 -24"><span class='ocrx_word' id='word_1_248' title='bbox 52 2881 143 2945; x_wconf 80' lang='lat' dir='ltr'>mur,</span> <span class='ocrx_word' id='word_1_249' title='bbox 169 2877 251 2927; x_wconf 90' lang='lat' dir='ltr'>cum</span> <span class='ocrx_word' id='word_1_250' title='bbox 265 2847 458 2952; x_wconf 75' lang='lat' dir='ltr'>Regiorum</span> <span class='ocrx_word' id='word_1_251' title='bbox 476 2847 696 2924; x_wconf 81' lang='lat' dir='ltr'>Tabularum</span> <span class='ocrx_word' id='word_1_252' title='bbox 714 2843 889 2934; x_wconf 86' lang='lat' dir='ltr'>initium,&#39;</span> <span class='ocrx_word' id='word_1_253' title='bbox 902 2851 1038 2934; x_wconf 79' lang='lat' dir='ltr'>caulis,</span> <span class='ocrx_word' id='word_1_254' title='bbox 1068 2849 1326 2949; x_wconf 88' lang='lat' dir='ltr'>materiemque</span> <span class='ocrx_word' id='word_1_255' title='bbox 1349 2851 1480 2940; x_wconf 79' lang='lat' dir='ltr'>discus·</span> 
     </span>
     <span class='ocr_line' id='line_1_27' title="bbox 50 2945 1480 3051; baseline 0.001 -23"><span class='ocrx_word' id='word_1_256' title='bbox 50 2951 159 3028; x_wconf 83' lang='lat' dir='ltr'>finms.</span> <span class='ocrx_word' id='word_1_257' title='bbox 225 2955 312 3027; x_wconf 89' lang='lat' dir='ltr'>Non</span> <span class='ocrx_word' id='word_1_258' title='bbox 333 2973 570 3026; x_wconf 82' lang='lat' dir='ltr'>controverro</span> <span class='ocrx_word' id='word_1_259' title='bbox 588 2945 794 3051; x_wconf 83' lang='lat' dir='ltr'>Hagacium</span> <span class='ocrx_word' id='word_1_260' title='bbox 812 2949 986 3024; x_wconf 88' lang='lat' dir='ltr'>nonnulla</span> <span class='ocrx_word' id='word_1_261' title='bbox 1008 2947 1248 3050; x_wconf 85' lang='lat' dir='ltr'>posteriorum</span> <span class='ocrx_word' id='word_1_262' title='bbox 1269 2977 1480 3050; x_wconf 87' lang='lat' dir='ltr'>temporum</span> 
     </span>
     <span class='ocr_line' id='line_1_28' title="bbox 52 3047 1478 3154; baseline 0.003 -28"><span class='ocrx_word' id='word_1_263' title='bbox 52 3050 242 3154; x_wconf 86' lang='lat' dir='ltr'>diplomata</span> <span class='ocrx_word' id='word_1_264' title='bbox 263 3078 306 3127; x_wconf 79' lang='lat' dir='ltr'>ex</span> <span class='ocrx_word' id='word_1_265' title='bbox 327 3051 399 3126; x_wconf 92' lang='lat' dir='ltr'>hoc</span> <span class='ocrx_word' id='word_1_266' title='bbox 421 3049 526 3153; x_wconf 77' lang='lat' dir='ltr'>regni</span> <span class='ocrx_word' id='word_1_267' title='bbox 551 3049 703 3126; x_wconf 77' lang='lat' dir='ltr'>sacrario</span> <span class='ocrx_word' id='word_1_268' title='bbox 723 3047 901 3139; x_wconf 75' lang='lat' dir='ltr'>habuisse,</span> <span class='ocrx_word' id='word_1_269' title='bbox 926 3072 962 3124; x_wconf 85' lang='lat' dir='ltr'>at</span> <span class='ocrx_word' id='word_1_270' title='bbox 983 3049 1123 3126; x_wconf 88' lang='lat' dir='ltr'>Czechi</span> <span class='ocrx_word' id='word_1_271' title='bbox 1156 3049 1342 3128; x_wconf 80' lang='lat' dir='ltr'>historiam</span> <span class='ocrx_word' id='word_1_272' title='bbox 1370 3051 1406 3127; x_wconf 91' lang='lat' dir='ltr'>in</span> <span class='ocrx_word' id='word_1_273' title='bbox 1429 3079 1478 3130; x_wconf 89' lang='lat' dir='ltr'>eo</span> 
     </span>
     <span class='ocr_line' id='line_1_29' title="bbox 10 3147 1479 3256; baseline 0.003 -27"><span class='ocrx_word' id='word_1_274' title='bbox 10 3205 17 3218; x_wconf 81' lang='lat'>-</span> <span class='ocrx_word' id='word_1_275' title='bbox 50 3153 217 3254; x_wconf 80' lang='lat' dir='ltr'>reperiiie</span> <span class='ocrx_word' id='word_1_276' title='bbox 245 3149 418 3228; x_wconf 88' lang='lat' dir='ltr'>tantidem</span> <span class='ocrx_word' id='word_1_277' title='bbox 446 3149 535 3226; x_wconf 89' lang='lat' dir='ltr'>mihi</span> <span class='ocrx_word' id='word_1_278' title='bbox 556 3147 784 3251; x_wconf 87' lang='lat' dir='ltr'>persuadeo,</span> <span class='ocrx_word' id='word_1_279' title='bbox 819 3175 860 3226; x_wconf 86' lang='lat' dir='ltr'>ac</span> <span class='ocrx_word' id='word_1_280' title='bbox 878 3150 1050 3227; x_wconf 75' lang='lat' dir='ltr'>lameritae</span> <span class='ocrx_word' id='word_1_281' title='bbox 1078 3175 1154 3227; x_wconf 93' lang='lat' dir='ltr'>tum</span> <span class='ocrx_word' id='word_1_282' title='bbox 1177 3179 1254 3229; x_wconf 91' lang='lat' dir='ltr'>non</span> <span class='ocrx_word' id='word_1_283' title='bbox 1283 3177 1479 3256; x_wconf 73' lang='lat' dir='ltr'>compertae</span> 
     </span>
     <span class='ocr_line' id='line_1_30' title="bbox 50 3249 1479 3359; baseline 0.002 -29"><span class='ocrx_word' id='word_1_284' title='bbox 50 3251 325 3359; x_wconf 83' lang='lat' dir='ltr'>Geograpbinm</span> <span class='ocrx_word' id='word_1_285' title='bbox 343 3249 478 3330; x_wconf 90' lang='lat' dir='ltr'>ibidem</span> <span class='ocrx_word' id='word_1_286' title='bbox 497 3249 677 3332; x_wconf 86' lang='lat' dir='ltr'>detexille.</span> <span class='ocrx_word' id='word_1_287' title='bbox 758 3249 969 3330; x_wconf 86' lang='lat' dir='ltr'>Candorem</span> <span class='ocrx_word' id='word_1_288' title='bbox 990 3251 1147 3356; x_wconf 84' lang='lat' dir='ltr'>Hagecii</span> <span class='ocrx_word' id='word_1_289' title='bbox 1169 3282 1247 3333; x_wconf 91' lang='lat' dir='ltr'>non</span> <span class='ocrx_word' id='word_1_290' title='bbox 1270 3253 1479 3356; x_wconf 83' lang='lat' dir='ltr'>impugno,</span> 
     </span>
     <span class='ocr_line' id='line_1_31' title="bbox 96 3348 1562 3460; baseline 0 -28"><span class='ocrx_word' id='word_1_291' title='bbox 96 3360 194 3434; x_wconf 72' lang='lat' dir='ltr'>Pares</span> <span class='ocrx_word' id='word_1_292' title='bbox 216 3357 245 3434; x_wconf 85' lang='grc' dir='ltr'>Ι.</span> <span class='ocrx_word' id='word_1_293' title='bbox 736 3348 804 3428; x_wconf 84' lang='lat' dir='ltr'>Ss</span> <span class='ocrx_word' id='word_1_294' title='bbox 1309 3358 1423 3460; x_wconf 84' lang='lat' dir='ltr'>scrip-</span> <span class='ocrx_word' id='word_1_295' title='bbox 1557 3369 1562 3376; x_wconf 85' lang='lat'>&#39;</span> 
     </span>
    </p>
   </div>
   <div class='ocr_carea' id='block_1_4' title="bbox 25 3589 1568 4354">
    <p class='ocr_par' dir='ltr' id='par_1_4' title="bbox 25 3589 1568 4354">
     <span class='ocr_line' id='line_1_32' title="bbox 94 3589 1543 3681; baseline 0.005 -23"><span class='ocrx_word' id='word_1_296' title='bbox 94 3592 142 3678; x_wconf 81' lang='lat' dir='ltr'>(a)</span> <span class='ocrx_word' id='word_1_297' title='bbox 166 3593 260 3658; x_wconf 73' lang='lat' dir='ltr'>Verba</span> <span class='ocrx_word' id='word_1_298' title='bbox 278 3589 433 3680; x_wconf 68' lang='lat' dir='ltr'>diplomatis</span> <span class='ocrx_word' id='word_1_299' title='bbox 452 3591 780 3681; x_wconf 64' lang='lat' dir='ltr'>remmialefiriptiiaec</span> <span class='ocrx_word' id='word_1_300' title='bbox 809 3615 879 3660; x_wconf 79' lang='lat' dir='ltr'>tran:</span> <span class='ocrx_word' id='word_1_301' title='bbox 922 3601 987 3660; x_wconf 85' lang='lat' dir='ltr'>Nos</span> <span class='ocrx_word' id='word_1_302' title='bbox 1002 3599 1201 3662; x_wconf 81' lang='lat' dir='ltr'>Ferdinandue</span> <span class='ocrx_word' id='word_1_303' title='bbox 1231 3643 1240 3662; x_wconf 88' lang='lat'><strong>.</strong></span> <span class='ocrx_word' id='word_1_304' title='bbox 1266 3647 1274 3663; x_wconf 92' lang='lat'>.</span> <span class='ocrx_word' id='word_1_305' title='bbox 1302 3645 1311 3664; x_wconf 87' lang='lat'><strong>.</strong></span> <span class='ocrx_word' id='word_1_306' title='bbox 1335 3599 1476 3665; x_wconf 81' lang='lat' dir='ltr'>testamur</span> <span class='ocrx_word' id='word_1_307' title='bbox 1516 3602 1543 3676; x_wconf 77' lang='grc'>“,</span> 
     </span>
     <span class='ocr_line' id='line_1_33' title="bbox 151 3677 1474 3767; baseline 0.003 -23"><span class='ocrx_word' id='word_1_308' title='bbox 151 3677 198 3744; x_wconf 83' lang='lat' dir='ltr'>his</span> <span class='ocrx_word' id='word_1_309' title='bbox 220 3682 325 3744; x_wconf 81' lang='lat' dir='ltr'>literis:</span> <span class='ocrx_word' id='word_1_310' title='bbox 348 3683 426 3763; x_wconf 87' lang='lat' dir='ltr'>quod</span> <span class='ocrx_word' id='word_1_311' title='bbox 442 3680 628 3762; x_wconf 79' lang='lat' dir='ltr'>Honorabilis</span> <span class='ocrx_word' id='word_1_312' title='bbox 644 3681 781 3743; x_wconf 72' lang='lat' dir='ltr'>Sacerdos</span> <span class='ocrx_word' id='word_1_313' title='bbox 794 3685 1100 3767; x_wconf 73' lang='lat' dir='ltr'>Weneeslaneiiapelr</span> <span class='ocrx_word' id='word_1_314' title='bbox 1116 3707 1131 3746; x_wconf 87' lang='lat' dir='ltr'>a</span> <span class='ocrx_word' id='word_1_315' title='bbox 1149 3685 1293 3746; x_wconf 85' lang='lat' dir='ltr'>liboezan</span> <span class='ocrx_word' id='word_1_316' title='bbox 1314 3684 1405 3748; x_wconf 81' lang='lat' dir='ltr'>fidelis</span> <span class='ocrx_word' id='word_1_317' title='bbox 1420 3707 1474 3748; x_wconf 91' lang='lat' dir='ltr'>no·</span> 
     </span>
     <span class='ocr_line' id='line_1_34' title="bbox 76 3764 1475 3850; baseline 0.002 -25"><span class='ocrx_word' id='word_1_318' title='bbox 76 3775 84 3786; x_wconf 92' lang='lat'>&#39;</span> <span class='ocrx_word' id='word_1_319' title='bbox 152 3765 210 3826; x_wconf 81' lang='lat' dir='ltr'>ster</span> <span class='ocrx_word' id='word_1_320' title='bbox 223 3764 340 3828; x_wconf 69' lang='lat' dir='ltr'>dileilue</span> <span class='ocrx_word' id='word_1_321' title='bbox 364 3803 372 3822; x_wconf 85' lang='lat'><strong>.</strong></span> <span class='ocrx_word' id='word_1_322' title='bbox 393 3807 403 3830; x_wconf 83' lang='grc'><strong>.</strong></span> <span class='ocrx_word' id='word_1_323' title='bbox 427 3809 436 3832; x_wconf 89' lang='grc'><strong>.</strong></span> <span class='ocrx_word' id='word_1_324' title='bbox 458 3767 492 3826; x_wconf 89' lang='lat' dir='ltr'>ad</span> <span class='ocrx_word' id='word_1_325' title='bbox 507 3766 739 3840; x_wconf 77' lang='lat' dir='ltr'>nos-aetelierir,</span> <span class='ocrx_word' id='word_1_326' title='bbox 766 3767 858 3826; x_wconf 79' lang='lat' dir='ltr'>Nobis</span> <span class='ocrx_word' id='word_1_327' title='bbox 874 3769 1021 3828; x_wconf 85' lang='lat' dir='ltr'>innuens:</span> <span class='ocrx_word' id='word_1_328' title='bbox 1043 3771 1122 3849; x_wconf 87' lang='lat' dir='ltr'>quud</span> <span class='ocrx_word' id='word_1_329' title='bbox 1140 3765 1310 3830; x_wconf 83' lang='lat' dir='ltr'>Chronleon</span> <span class='ocrx_word' id='word_1_330' title='bbox 1326 3772 1355 3830; x_wconf 90' lang='lat' dir='ltr'>in</span> <span class='ocrx_word' id='word_1_331' title='bbox 1375 3770 1475 3850; x_wconf 58' lang='lat' dir='ltr'>publia</span> 
     </span>
     <span class='ocr_line' id='line_1_35' title="bbox 125 3849 1471 3932; baseline 0.002 -20"><span class='ocrx_word' id='word_1_332' title='bbox 125 3849 262 3912; x_wconf 67' lang='lat' dir='ltr'>„blicam</span> <span class='ocrx_word' id='word_1_333' title='bbox 282 3851 437 3924; x_wconf 79' lang='lat' dir='ltr'>emittere,</span> <span class='ocrx_word' id='word_1_334' title='bbox 459 3849 492 3913; x_wconf 70' lang='grc' dir='ltr'><strong>δι</strong></span> <span class='ocrx_word' id='word_1_335' title='bbox 513 3849 593 3932; x_wconf 85' lang='lat' dir='ltr'>prelo</span> <span class='ocrx_word' id='word_1_336' title='bbox 613 3851 793 3912; x_wconf 85' lang='lat' dir='ltr'>committere</span> <span class='ocrx_word' id='word_1_337' title='bbox 812 3851 959 3926; x_wconf 84' lang='lat' dir='ltr'>intendat,</span> <span class='ocrx_word' id='word_1_338' title='bbox 981 3849 1063 3913; x_wconf 82' lang='lat' dir='ltr'>fitnul</span> <span class='ocrx_word' id='word_1_339' title='bbox 1082 3857 1144 3914; x_wconf 87' lang='lat' dir='ltr'>Nos</span> <span class='ocrx_word' id='word_1_340' title='bbox 1164 3853 1269 3914; x_wconf 87' lang='lat' dir='ltr'>allidrre</span> <span class='ocrx_word' id='word_1_341' title='bbox 1287 3875 1319 3915; x_wconf 88' lang='lat' dir='ltr'>ac</span> <span class='ocrx_word' id='word_1_342' title='bbox 1339 3851 1471 3916; x_wconf 83' lang='lat' dir='ltr'>submilie</span> 
     </span>
     <span class='ocr_line' id='line_1_36' title="bbox 150 3930 1568 4020; baseline 0.005 -27"><span class='ocrx_word' id='word_1_343' title='bbox 150 3930 316 4008; x_wconf 84' lang='lat' dir='ltr'>obsecrans,</span> <span class='ocrx_word' id='word_1_344' title='bbox 340 3951 373 3995; x_wconf 90' lang='lat' dir='ltr'>ue</span> <span class='ocrx_word' id='word_1_345' title='bbox 387 3934 486 3994; x_wconf 85' lang='lat' dir='ltr'>animo</span> <span class='ocrx_word' id='word_1_346' title='bbox 503 3936 682 3996; x_wconf 80' lang='lat' dir='ltr'>revolventes</span> <span class='ocrx_word' id='word_1_347' title='bbox 695 3934 753 4010; x_wconf 79' lang='lat' dir='ltr'>ejus</span> <span class='ocrx_word' id='word_1_348' title='bbox 770 3932 938 3994; x_wconf 84' lang='lat' dir='ltr'>industriam</span> <span class='ocrx_word' id='word_1_349' title='bbox 960 3974 968 3990; x_wconf 84' lang='lat'><strong>·</strong></span> <span class='ocrx_word' id='word_1_350' title='bbox 1002 3975 1009 3990; x_wconf 86' lang='lat'><strong>·</strong></span> <span class='ocrx_word' id='word_1_351' title='bbox 1033 3931 1049 3998; x_wconf 48' lang='lat'>‚⁴</span> <span class='ocrx_word' id='word_1_352' title='bbox 1064 3939 1185 4020; x_wconf 82' lang='lat' dir='ltr'>gratiam</span> <span class='ocrx_word' id='word_1_353' title='bbox 1201 3937 1241 3997; x_wconf 91' lang='lat' dir='ltr'>illi</span> <span class='ocrx_word' id='word_1_354' title='bbox 1255 3939 1465 4019; x_wconf 80' lang='lat' dir='ltr'>impendamus,</span> <span class='ocrx_word' id='word_1_355' title='bbox 1562 3970 1568 3983; x_wconf 56' lang='grc' dir='ltr'><strong>ι</strong></span> 
     </span>
     <span class='ocr_line' id='line_1_37' title="bbox 150 4015 1468 4112; baseline 0.003 -34"><span class='ocrx_word' id='word_1_356' title='bbox 150 4018 210 4091; x_wconf 85' lang='lat' dir='ltr'>ejus</span> <span class='ocrx_word' id='word_1_357' title='bbox 237 4015 367 4098; x_wconf 78' lang='lat' dir='ltr'>precibus</span> <span class='ocrx_word' id='word_1_358' title='bbox 392 4019 550 4098; x_wconf 79' lang='lat' dir='ltr'>benignam</span> <span class='ocrx_word' id='word_1_359' title='bbox 577 4034 675 4078; x_wconf 88' lang='lat' dir='ltr'>aurem</span> <span class='ocrx_word' id='word_1_360' title='bbox 697 4015 891 4090; x_wconf 79' lang='lat' dir='ltr'>praelteamus,</span> <span class='ocrx_word' id='word_1_361' title='bbox 913 4016 1156 4102; x_wconf 85' lang='lat' dir='ltr'>deeemamusque</span> <span class='ocrx_word' id='word_1_362' title='bbox 1168 4067 1176 4096; x_wconf 88' lang='lat'>,</span> <span class='ocrx_word' id='word_1_363' title='bbox 1198 4037 1232 4080; x_wconf 90' lang='lat' dir='ltr'>ut</span> <span class='ocrx_word' id='word_1_364' title='bbox 1250 4025 1468 4112; x_wconf 77' lang='lat' dir='ltr'>quamprimum</span> 
     </span>
     <span class='ocr_line' id='line_1_38' title="bbox 148 4099 1469 4181; baseline 0 -19"><span class='ocrx_word' id='word_1_365' title='bbox 148 4103 208 4176; x_wconf 86' lang='lat' dir='ltr'>ejus</span> <span class='ocrx_word' id='word_1_366' title='bbox 222 4099 287 4162; x_wconf 89' lang='lat' dir='ltr'>libri</span> <span class='ocrx_word' id='word_1_367' title='bbox 303 4101 429 4181; x_wconf 81' lang='lat' dir='ltr'>imprelir</span> <span class='ocrx_word' id='word_1_368' title='bbox 444 4103 570 4176; x_wconf 77' lang='lat' dir='ltr'>fuerint,</span> <span class='ocrx_word' id='word_1_369' title='bbox 596 4119 685 4162; x_wconf 82' lang='lat' dir='ltr'>neruo</span> <span class='ocrx_word' id='word_1_370' title='bbox 700 4099 730 4158; x_wconf 90' lang='lat' dir='ltr'>in</span> <span class='ocrx_word' id='word_1_371' title='bbox 747 4101 847 4179; x_wconf 80' lang='lat' dir='ltr'>Regno</span> <span class='ocrx_word' id='word_1_372' title='bbox 868 4099 965 4160; x_wconf 85' lang='lat' dir='ltr'>nostro</span> <span class='ocrx_word' id='word_1_373' title='bbox 978 4101 1138 4178; x_wconf 74' lang='lat' dir='ltr'>Bobemia,</span> <span class='ocrx_word' id='word_1_374' title='bbox 1164 4123 1217 4163; x_wconf 88' lang='lat' dir='ltr'>nee</span> <span class='ocrx_word' id='word_1_375' title='bbox 1234 4101 1263 4162; x_wconf 89' lang='lat' dir='ltr'>in</span> <span class='ocrx_word' id='word_1_376' title='bbox 1288 4105 1349 4163; x_wconf 83' lang='lat' dir='ltr'>aliis</span> <span class='ocrx_word' id='word_1_377' title='bbox 1367 4103 1469 4163; x_wconf 84' lang='lat' dir='ltr'>ricinia</span> 
     </span>
     <span class='ocr_line' id='line_1_39' title="bbox 25 4179 1472 4266; baseline 0.004 -23"><span class='ocrx_word' id='word_1_378' title='bbox 25 4243 30 4251; x_wconf 74' lang='grc'><strong>,</strong></span> <span class='ocrx_word' id='word_1_379' title='bbox 149 4185 267 4264; x_wconf 89' lang='lat' dir='ltr'>Imperii</span> <span class='ocrx_word' id='word_1_380' title='bbox 284 4185 368 4248; x_wconf 83' lang='lat' dir='ltr'>terris</span> <span class='ocrx_word' id='word_1_381' title='bbox 390 4203 439 4246; x_wconf 83' lang='lat' dir='ltr'>eos</span> <span class='ocrx_word' id='word_1_382' title='bbox 456 4185 598 4246; x_wconf 85' lang='lat' dir='ltr'>excudere</span> <span class='ocrx_word' id='word_1_383' title='bbox 617 4199 666 4244; x_wconf 84' lang='lat' dir='ltr'>aut</span> <span class='ocrx_word' id='word_1_384' title='bbox 689 4182 828 4257; x_wconf 66' lang='lat' dir='ltr'>rendere,</span> <span class='ocrx_word' id='word_1_385' title='bbox 849 4179 910 4242; x_wconf 80' lang='lat' dir='ltr'>fine</span> <span class='ocrx_word' id='word_1_386' title='bbox 931 4182 1000 4246; x_wconf 83' lang='lat' dir='ltr'>scitu</span> <span class='ocrx_word' id='word_1_387' title='bbox 1015 4183 1048 4248; x_wconf 69' lang='grc' dir='ltr'><strong>ἃ</strong></span> <span class='ocrx_word' id='word_1_388' title='bbox 1063 4187 1210 4250; x_wconf 82' lang='lat' dir='ltr'>voluntate</span> <span class='ocrx_word' id='word_1_389' title='bbox 1230 4187 1358 4266; x_wconf 73' lang='lat' dir='ltr'>ptaetadi</span> <span class='ocrx_word' id='word_1_390' title='bbox 1374 4187 1472 4248; x_wconf 72' lang='lat' dir='ltr'>Web-</span> 
     </span>
     <span class='ocr_line' id='line_1_40' title="bbox 45 4267 985 4354; baseline 0 -26"><span class='ocrx_word' id='word_1_391' title='bbox 45 4315 50 4328; x_wconf 91' lang='lat'><em>.</em></span> <span class='ocrx_word' id='word_1_392' title='bbox 146 4267 233 4332; x_wconf 77' lang='lat' dir='ltr'>cesla</span> <span class='ocrx_word' id='word_1_393' title='bbox 248 4269 352 4352; x_wconf 77' lang='lat' dir='ltr'>Hegek</span> <span class='ocrx_word' id='word_1_394' title='bbox 367 4289 420 4354; x_wconf 86' lang='lat' dir='ltr'>per</span> <span class='ocrx_word' id='word_1_395' title='bbox 438 4270 592 4340; x_wconf 67' lang='lat' dir='ltr'>coruinum</span> <span class='ocrx_word' id='word_1_396' title='bbox 609 4267 708 4330; x_wconf 82' lang='lat' dir='ltr'>decern</span> <span class='ocrx_word' id='word_1_397' title='bbox 723 4285 816 4329; x_wconf 85' lang='lat' dir='ltr'>annos</span> <span class='ocrx_word' id='word_1_398' title='bbox 831 4267 946 4330; x_wconf 84' lang='lat' dir='ltr'>audeat.</span> <span class='ocrx_word' id='word_1_399' title='bbox 980 4290 985 4298; x_wconf 96' lang='lat'>·</span> 
     </span>
    </p>
   </div>
   <div class='ocr_carea' id='block_1_5' title="bbox 0 0 1914 4820">
    <p class='ocr_par' dir='ltr' id='par_1_5' title="bbox 0 0 1914 4820">
     <span class='ocr_line' id='line_1_41' title="bbox 0 0 1914 4820; baseline 0 10"><span class='ocrx_word' id='word_1_400' title='bbox 0 0 1914 4820; x_wconf 95' lang='lat' dir='ltr'> </span> 
     </span>
    </p>
   </div>
  </div>
 </body>
</html>
