3902 4830
323 251 464 332 utun
497 251 535 335 l.-
553 221 921 340 asserturus,
947 255 986 350 ‚u
1012 246 1213 329 XXIXs&
1235 250 1357 333 XXX.
1470 273 1540 352 213

230 405 401 494 Ceterum
421 425 505 478 cum
534 399 628 478 lianc
648 422 768 479 metm
783 399 917 504 jungis
931 397 1102 484 sstulerit
1124 426 1189 504 per
1208 399 1393 480 Boemiuin
1417 405 1542 487 Mora·
1561 408 1732 486 Lustrat.

109 510 284 606 munique
302 499 582 604 explicationem
605 497 782 586 sarcastico
804 499 924 598 rides,
948 522 1055 600 atque
1082 528 1163 578 eum
1187 503 1319 582 carullo
1338 503 1540 609 subiungit:
1561 509 1629 592 l’ag.
1651 528 1702 591 94·
1730 573 1742 590 ,

102 619 205 714 Qus
220 609 347 712 quidem
360 609 466 706 pulsas
482 608 541 676 alio
559 612 620 676 otio
638 612 879 706 exquiruntur,
906 601 1203 701 praemonendum
1230 629 1265 688 te
1285 603 1472 698 ducimur,
1502 631 1541 684 ut

102 706 271 810 tempori
293 705 405 782 oculis
422 703 493 782 tuis
520 700 565 777 de
583 726 782 784 tutantento
803 697 1017 815 prospicias,
1044 730 1092 781 ne
1109 729 1234 784 reatus
1257 703 1322 786 tibi
1351 708 1540 807 pulverem

100 811 294 914 palearum
318 803 460 884 istarum
482 802 520 878 in
544 805 669 884 oculos
685 803 890 907 inspergit,
918 802 1242 910 coecutietrtemque
1256 805 1392 884 reddat.
1453 811 1539 912 Ego
1638 891 1642 898 ,

103 911 193 989 littae
210 915 315 990 Parte
331 909 375 984 11.
397 903 589 998 Annalium
607 905 903 1008 Hagecianorum
933 903 1118 1006 alibique,
1146 933 1221 992 rem
1244 908 1339 990 hanc
1364 931 1437 984 tum
1464 913 1536 986 cla·

105 1037 188 1088 ram
215 1008 494 1112 expeditamque
520 1005 666 1082 leuen
688 1005 839 1102 tradidi,
864 1030 904 1088 ut
922 1001 1131 1099 nerninem,
1157 1007 1223 1093 nist
1245 1007 1381 1101 summe
1405 1008 1538 1088 refrac-

104 1110 198 1194 taria
214 1135 361 1203 mente,
387 1135 463 1208 quse
483 1108 541 1186 vel
559 1105 652 1188 reris
676 1105 804 1183 cedere
825 1104 944 1182 nescia
969 1105 1045 1200 est,
1072 1107 1231 1197 futurum
1256 1107 1446 1213 deputem,
1473 1108 1538 1210 qui

105 1211 254 1291 ausurus
279 1211 322 1289 sit
343 1232 612 1288 contrarctrcre
636 1205 1006 1318 Porpltyrogenitum
1032 1234 1097 1311 per
1120 1209 1213 1296 lisam
1237 1212 1421 1305 Belo-seu
1452 1216 1536 1289 Ma-

100 1340 218 1424 gnam
237 1310 475 1390 Chrobatiam
496 1301 708 1390 bohemiam
725 1306 926 1388 intendisse.
974 1309 1148 1394 stramen
1168 1312 1241 1394 ltrrc
1259 1311 1449 1394 vellicaudi
1470 1311 1536 1388 im·

99 1413 369 1518 pugnandique
392 1433 507 1512 porro
525 1407 749 1494 contumacia
767 1407 890 1488 animo
906 1432 969 1483 ruo
986 1406 1172 1502 insederit,
1197 1412 1346 1490 noueris
1367 1439 1427 1490 me
1444 1412 1534 1490 inte·

101 1541 168 1594 rea
185 1515 321 1592 fartum
344 1511 610 1614 chalybemque
628 1507 861 1612 Oy'clopibua
875 1507 1103 1602 traditurum,
1126 1537 1166 1588 ut
1185 1511 1253 1610 jam
1270 1514 1421 1616 procu&
1438 1539 1535 1592 amu

103 1612 291 1710 interiise,
318 1611 445 1712 quibus
488 1612 581 1692 robe
606 1607 750 1686 retundi
772 1609 896 1709 pollis,¹
1114 1611 1118 1618 '
1195 1627 1229 1698 J

220 1721 342 1814 sltque
366 1709 419 1790 his
481 1709 551 1790 adii
574 1710 629 1785 rui
655 1714 682 1787 Ι.
706 1707 943 1788 reflexionem
975 1708 1128 1813 primam
1154 1712 1401 1791 absolrimust
1433 1712 1535 1790 orbis
1554 1697 1620 1781 ΡΨ·
1640 1699 1740 1781 ⁹50&

9 1911 10 1914 Ἴ
101 1813 237 1892 eruditi
268 1811 448 1896 sententia
466 1812 728 1911 retorquentes,
755 1837 843 1884 num
863 1809 969 1914 digai
997 1812 1238 1918 deputemur,
1266 1827 1323 1922 qui
1343 1829 1446 1894 tacitis
1465 1823 1535 1890 lr'te-
1598 1799 1669 1864 ¹¹5'

99 1941 248 1994 rutarum
262 1929 404 1995 virunm
425 1920 556 2019 judiciis
572 1914 788 1996 insinuaturi
814 1934 869 1986 aur
892 1917 993 2011 noslro
1020 1920 1378 2002 erraueritrruu'errutrl
1404 1944 1534 2018 qtscm-

59 2008 302 2096 'admodum
328 2015 570 2118 indignissime
595 2011 633 2088 id
654 2012 800 2093 Lucifer
822 2011 858 2086 in
883 2040 951 2088 nos
978 2013 1160 2094 declamat.
1223 2027 1283 2094 rln
1309 2045 1386 2098 non
1411 2016 1558 2122 potius,

97 2119 240 2198 Lector
258 2115 379 2192 omnis
397 2141 468 2216 pro
487 2111 656 2216 supientia
676 2115 733 2190 fua
751 2113 975 2198 confusurus
1001 2114 1060 2190 sit:
1084 2116 1231 2201 anobis
1253 2119 1344 2196 nihil
1371 2141 1534 2209 tenuere,

99 2218 200 2294 nilril
220 2242 346 2320 preter
361 2236 525 2292 ueterum
550 2212 848 2294 documentorum
864 2212 975 2290 sidem
1002 2213 1036 2288 iu
1056 2216 1252 2292 Annalibus
1276 2217 1405 2294 nostris
1433 2217 1534 2294 fuisse

7 2321 9 2384 J
102 2315 295 2404 assertum,
323 2314 546 2396 inhaesero
571 2314 771 2418 Apologia,
797 2313 985 2394 ficomuia
1005 2315 1194 2391 aduersarii
1209 2317 1319 2394 noslti
1338 2341 1533 2418 argumen-

98 2441 141 2497 ta
168 2442 361 2510 enervata,
395 2423 431 2492 dr
453 2414 617 2492 radicitus
639 2419 758 2492 euulsa
785 2415 885 2502 elle,
915 2439 954 2491 ut
979 2416 1128 2518 pusillae
1152 2441 1260 2519 caput
1283 2416 1424 2518 erigere
1452 2444 1533 2494 non

98 2519 228 2599 ausura
245 2520 333 2596 sinti
383 2516 578 2596 Miraturus
601 2517 678 2594 into
707 2517 766 2597 illc
783 2516 956 2594 simmam
981 2517 1138 2596 Luciferi
1159 2517 1439 2612 confidentiam,
1469 2515 1532 2618 qui

98 2619 276 2700 curatiore
307 2646 344 2696 ra
359 2619 616 2733 sophismatum
636 2617 821 2721 rsryriade,
847 2617 957 2702 intem
989 2618 1064 2696 esto
1081 2618 1196 2696 aliena
1221 2617 1393 2720 carpendi
1419 2627 1454 2696 bt
1474 2645 1533 2695 ca-

97 2647 305 2798 lumniandi
315 2746 471 2824 pruritu,
497 2717 751 2801 aotlioritutum
769 2721 929 2797 ueterum
950 2647 1008 2798 siu
1028 2719 1207 2797 arbitraria
1222 2718 1532 2822 interpretatione,
1607 2723 1610 2731 ’

98 2822 163 2899 feu
188 2822 500 2924 interpolatione,
524 2819 761 2921 corruptione
782 2846 826 2898 ac
845 2821 1116 2915 mutilatione,
1143 2824 1201 2896 feu
1230 2819 1386 2918 donique
1415 2821 1531 2896 suble-

99 2921 238 3000 stotum
271 2946 498 3022 quorumque
513 2917 743 2997 *subtrufionc
772 2922 810 2998 in
844 2947 988 3000 arenam
1017 2922 1181 3012 aduersus
1212 2947 1280 2998 nos
1314 2920 1530 2999 descendere

100 3023 202 3098 aufus
220 3021 281 3119 stt3
306 3047 327 3098 a
357 3021 489 3098 nitruus
510 3020 566 3107 ille
586 3023 722 3098 nullutn
744 3022 861 3099 uerius
881 3024 942 3101 illo
964 3021 1076 3128 Lipsri
1099 3022 1242 3098 effatum
1263 3021 1361 3098 esse:
1391 3023 1439 3106 (a)
1469 3033 1530 3099 Ni-

98 3129 150 3200 su's
171 3146 237 3199 tam
258 3047 419 3222 predium,
446 3127 532 3228 quod
552 3153 615 3200 nou
646 3127 788 3200 vellicare
818 3131 995 3228 rriusr'gru'us
1013 3126 1111 3226 pofflt.
1172 3124 1296 3202 surram
1324 3121 1529 3228 rualignita·
1611 3217 1615 3226 ¹

7 3245 9 3250 ’
67 3230 72 3248 ”
100 3249 177 3301 tem
200 3223 226 3300 sl
252 3223 320 3302 suis
336 3223 424 3304 locis
450 3223 597 3302 subinde
615 3223 730 3305 verbis
754 3224 992 3326 asperioribus
1009 3223 1158 3328 accepi,
1183 3226 1208 3302 si
1229 3251 1285 3308 tot
1303 3224 1444 3322 injurias
1462 3225 1531 3303 mi-

99 3323 143 3401 hi
176 3323 359 3402 intentatas
393 3353 465 3428 pro
492 3324 624 3402 merito
647 3351 732 3400 cum
758 3325 928 3406 Lucifero
956 3325 1207 3432 expostulavi,
1236 3327 1261 3403 sr
1288 3328 1360 3403 illas
1386 3327 1529 3403 invidie

25 3430 30 3441 '
100 3422 252 3524 odiique
271 3427 429 3504 flammis
452 3423 537 3503 hinc
553 3423 781 3525 atqueillir-ic
800 3426 954 3531 satyrico
983 3453 1084 3505 aceto
1104 3425 1273 3518 restinxi,
1299 3423 1442 3502 ueniam
1465 3425 1528 3502 du-

102 3523 420 3624 halaesinus
437 3553 521 3605 meu
535 3525 856 3617 animadverfioni,
887 3528 975 3630 quid
994 3529 1089 3606 enim
1112 3552 1131 3602 n
1151 3551 1185 3603 te
1210 3523 1247 3608 iu
1270 3548 1436 3626 utroque·
1450 3526 1526 3625 ju're

100 3626 351 3722 versatissimo,
375 3655 483 3728 quam
511 3653 652 3726 aquom
680 3624 879 3729 iustumque
901 3631 1127 3732 exspef'temi
1181 3623 1215 3702 ui
1244 3626 1392 3704 minime
1415 3627 1527 3729 igno-

98 3753 178 3819 ras,
206 3755 334 3828 qtianta
358 3727 517 3807 innocue
543 3727 622 3805 laesb
643 3728 831 3805 satisfactio
855 3755 1050 3832 competat.
1121 3656 1227 3806 Adeo
1256 3757 1293 3805 ut
1319 3755 1394 3806 non
1422 3723 1529 3805 dubi·

98 3853 172 3906 tem
194 3853 212 3904 a
233 3855 267 3906 tc
281 3827 386 3906 etiam
406 3827 634 3934 probandam
651 3831 742 3908 hanc
762 3833 900 3930 qualem
923 3837 1062 3932 qualern
1083 3829 1317 3908 austeritatem
1340 3829 1422 3934 styli
1444 3829 1529 3923 mei,

97 3955 181 4008 cum
212 3928 289 4035 ipse
313 3931 399 4010 scias
426 3931 660 4034 adsertorque
685 3931 823 4011 fabrum
850 3931 946 4010 illurn
979 3959 1079 4010 tunm
1107 3957 1148 4011 tc
1175 3935 1423 4046 expolitorem·
1441 3961 1529 4038 pru·
1573 3987 1578 3997 ·

685 4069 690 4082 ·
1359 4038 1474 4136 scrip·

139 4239 194 4328 (a)
235 4245 336 4332 Jostus
355 4246 465 4334 Lipsius
478 4248 512 4314 in
530 4249 704 4362 Dcfeuftone
721 4248 873 4314 Posthuina
891 4271 916 4315 c·
939 4265 967 4314 1.
