3852 4844
372 259 429 353 3⁶.
502 291 535 332 a
625 208 628 224 Ι
935 235 1264 328 Consurnrro

372 404 429 500 se,
456 400 547 503 quid
570 397 667 480 enim
693 397 874 480 tteViro
899 391 1059 490 morinus
1081 395 1388 500 perpolitillimu,
1413 387 1452 474 in
1475 396 1550 476 hoc
1572 391 1808 476 hammaimtis

376 503 624 605 ciuilitatisque
646 500 815 607 emporio
835 495 1039 594 scribente,
1064 521 1122 575 tot
1144 498 1452 576 urbanillimorum
1479 497 1687 576 concivium
1705 525 1810 577 eona
1881 586 1884 594 ,

285 613 288 618 ’
376 605 561 688 suetudine
579 629 620 682 ac
639 601 823 682 consortio
847 622 968 678 utente
996 624 1073 676 non
1095 599 1291 678 humanum
1318 624 1397 676 non
1422 595 1712 678 modestiffimutu
1740 625 1811 676 ex.

375 710 533 814 spedaute
548 705 669 820 potuit
688 702 787 784 orbis
804 703 982 778 literatus}
1033 697 1159 778 Quare
1176 703 1284 802 plene
1300 699 1485 814 persuasus
1497 699 1570 776 sitm
1590 723 1627 777 te
1642 699 1809 811 maxime

377 809 454 888 iudi
471 831 561 898 ¹narr
589 805 763 886 Lucifero
788 827 885 896 tuo,
911 799 973 902 qui
1002 825 1127 879 omnes
1156 799 1338 878 modestia
1365 800 1494 876 limites
1520 825 1593 876 ste
1620 802 1653 876 sn
1681 824 1809 878 lenter

376 835 585 1016 praeslitutos
601 906 728 1012 egredi
745 905 843 984 ausus
868 901 928 998 fit,
947 903 1057 1004 'plane
1078 899 1262 995 adducor,
1289 927 1328 976 ut
1347 899 1491 980 credam
1512 899 1624 980 severi
1651 927 1724 978 uno
1747 901 1812 978 su·

373 1009 528 1116 petellio
545 1031 609 1086 tuo
630 1010 721 1086 male
744 1027 958 1110 acceptum,
985 1000 1141 1106 quinon
1162 999 1203 1078 lit
1219 1001 1350 1100 veritus
1376 1027 1592 1105 turstoopete
1617 1025 1811 1106 apropo·

374 1113 442 1190 lito
465 1134 529 1188 tuo
555 1107 767 1214 optimaque
795 1108 978 1184 voluntate
1002 1101 1216 1196 desciscere,
1242 1128 1312 1181 nec
1331 1101 1460 1182 dubito
1482 1101 1552 1202 jum
1577 1101 1702 1180 rubori
1728 1101 1809 1182 tibi
1919 1166 1920 1175 r

375 1212 447 1292 esse
464 1213 562 1290 hunc
585 1208 743 1314 spurium
760 1231 922 1312 parturn,
947 1203 1009 1304 qui
1026 1231 1107 1283 cum
1127 1205 1259 1304 summa
1273 1228 1332 1281 tua
1352 1203 1570 1282 humanitate
1587 1201 1679 1282 nihil
1695 1231 1811 1282 corn-

372 1339 484 1392 mune
507 1311 615 1390 babet
628 1368 639 1406 ,
665 1333 765 1387 tuum
790 1305 933 1400 videri,
967 1303 1228 1406 estimarique3
1256 1306 1346 1408 quin
1371 1307 1430 1383 vel
1447 1303 1552 1383 tacite
1569 1304 1682 1384 oculis
1706 1305 1809 1384 mihi

360 1411 516 1505 innuis,
542 1435 581 1488 ut
605 1413 725 1516 probe
752 1433 833 1487 eum
852 1407 1015 1500 versem,
1041 1405 1251 1510 depactam,
1275 1405 1578 1508 attundeamque,
1605 1405 1671 1509 qui
1696 1429 1810 1486 tantae

372 1511 579 1592 austeritatis
606 1538 672 1590 tuae
692 1521 867 1616 precepta
890 1531 1063 1610 temerare
1086 1533 1128 1586 ac
1149 1505 1349 1612 infringere
1371 1505 1434 1586 fibi
1457 1505 1629 1612 religioni
1648 1506 1809 1587 minime

372 1613 525 1694 eluxerit.
577 1611 696 1690 Quod
715 1612 811 1690 enirn
823 1611 900 1702 eius
919 1633 1001 1686 toto
1015 1609 1188 1711 opusculo
1210 1631 1272 1687 tuo
1288 1609 1463 1687 molimen
1480 1616 1515 1686 δι
1533 1633 1666 1712 opera,
1692 1633 1808 1712 quam

370 1719 523 1808 latrare,
551 1711 742 1804 frendere,
772 1712 964 1813 spumare,
992 1709 1183 1799 mordere,
1211 1715 1248 1788 dc
1279 1709 1440 1790 laniare}
1492 1715 1576 1816 Ego
1604 1736 1693 1792 vero
1716 1737 1809 1790 cum

248 1818 252 1828 '
371 1815 564 1920 Aristippo
584 1840 593 1884 τ
651 1821 693 1894 Ut
710 1819 759 1890 illc
778 1818 887 1916 lingrrae
903 1809 984 1925 sue,
1004 1815 1048 1910 stc
1061 1809 1104 1886 tr
1117 1837 1168 1915 ego
1185 1809 1326 1887 anciram
1342 1824 1467 1888 aurium
1486 1811 1631 1891 daminus
1640 1815 1722 1914 sinn.
1749 1811 1808 1894 (a)

372 1920 464 1993 Non
479 1916 671 1992 amulabor
689 1911 847 1992 Luciferi
864 1935 913 1988 tur
933 1909 1234 2006 maledicentiam,
1257 1911 1320 1989 sed
1337 1913 1572 2020 gravillimam
1598 1937 1694 1992 tuam
1719 1940 1810 1994 mo-
1869 1961 1880 1970 -

374 2015 534 2094 destiam.
591 2013 670 2093 (lui
696 2013 722 2089 li
740 2012 788 2090 uit
799 2011 834 2113 se
851 2042 913 2090 non
924 2023 1055 2116 grunitu
1081 2013 1210 2114 malli,
1236 2033 1334 2122 qaam
1357 2043 1427 2092 cum
1445 2043 1493 2092 nrt
1522 2021 1808 2096 mauraneum
1833 2021 1838 2029 ’

374 2119 500 2209 buluir,
526 2140 601 2220 ego
620 2114 738 2192 malim
761 2112 903 2206 dicere,
929 2137 987 2189 me
1002 2111 1165 2190 omnium
1183 2113 1381 2219 graviffime
1399 2114 1575 2230 pecunie,
1600 2115 1686 2194 durn
1705 2117 1807 2196 noni
1899 2178 1900 2187 r

322 2309 328 2318 ¹
373 2242 557 2320 nunquam
580 2219 637 2296 vel
662 2213 739 2310 justi
764 2211 902 2292 doloris
928 2214 1119 2293 acerbitate
1136 2217 1303 2320 abreptus
1330 2215 1518 2294 minimum
1543 2215 1739 2298 inclemens
1764 2220 1807 2301 in
1869 2231 1899 2272 ·'

326 2323 344 2340 ‘
374 2345 410 2398 te
432 2317 502 2406 fui,
539 2341 598 2393 aut
619 2317 676 2396 vel
692 2320 819 2392 umbra
836 2313 1047 2393 offendiculi
1064 2309 1367 2395 existimationem
1385 2343 1480 2396 tuam
1498 2320 1558 2396 vel
1575 2314 1708 2398 invitus
1722 2322 1805 2401 laeli.

375 2416 456 2498 (dui
483 2416 509 2494 si
534 2415 609 2494 uit:
668 2425 782 2494 Omnia
806 2447 924 2494 mecum
955 2423 1043 2532 insta
1079 2429 1225 2495 meritum
1250 2445 1362 2496 mrum
1382 2423 1566 2522 expostulata
1584 2421 1701 2523 Jvt'ffl,·
1728 2449 1808 2538 ego

375 2543 545 2620 tanquam
563 2516 696 2598 meritis
724 2518 967 2613 tuismrxinre
986 2515 1156 2613 injurium
1175 2546 1349 2612 execrer,
1375 2519 1616 2622 damnemque
1633 2547 1747 2600 omne
1763 2529 1807 2602 tl·

381 2621 467 2712 lud,
505 2617 685 2722 quidquid
720 2617 870 2723 gratiam
899 2644 995 2696 tuam
1022 2622 1225 2697 exulcerare
1241 2619 1368 2722 potest.
1437 2619 1625 2701 Modestiae
1642 2623 1741 2702 enim
1760 2626 1807 2702 li-

377 2722 500 2812 mites,
532 2743 623 2819 quor
641 2718 755 2796 statim
773 2719 835 2794 sub
855 2717 1076 2824 principium
1095 2743 1248 2822 operum
1265 2747 1429 2798 meorum
1451 2721 1705 2802 historicorum
1723 2751 1811 2804 cer-

278 2858 283 2866 ·
376 2846 431 2912 tos
451 2819 541 2908 milri
560 2818 746 2924 prestitui,
773 2819 974 2918 prohibent
995 2831 1153 2920 unquam
1174 2819 1337 2901 licentius
1356 2823 1515 2930 evagari.
1567 2825 1695 2904 Quare
1714 2822 1809 2908 con·

375 2919 558 3000 tumeliam
574 2917 663 2998 mibi
683 2918 827 2998 Lucifer
843 2943 920 2998 tuus
939 2920 1093 3039 impegit
1107 2921 1364 3037 gravisimum,
1380 2951 1461 3002 curn
1482 2927 1583 3006 nullo
1598 2927 1704 3024 teste,
1722 2955 1811 3010 reu-

377 3051 449 3126 que
473 3025 578 3100 allatu
602 3023 687 3100 loco
705 3020 909 3100 criminatus
932 3021 982 3102 ell
1005 3021 1095 3100 mrbi
1123 3049 1159 3100 m
1183 3024 1364 3102 amoribus
1382 3023 1453 3104 elle
1474 3051 1563 3106 extra
1580 3034 1811 3134 modejllaepo·

268 3205 275 3212 ,
378 3133 487 3200 menn
507 3134 630 3224 evagari.
689 3125 776 3200 Hac
794 3123 862 3220 ille,
879 3121 915 3200 in
944 3121 1006 3201 illa
1029 3125 1333 3230 luce'temporum
1355 3149 1463 3226 atque
1488 3128 1680 3208 hominum
1706 3135 1809 3212 rusus

378 3223 568 3327 propalam
598 3219 795 3310 ementiri,
823 3221 920 3322 quasi
937 3249 1049 3302 nemo
1074 3223 1189 3319 esset,
1215 3226 1277 3326 qui
1297 3253 1375 3305 mea
1392 3227 1595 3310 haberetis
1616 3232 1807 3328 manibus,

378 3322 442 3428 qui
460 3348 501 3400 ea
518 3325 683 3497 leperet,
709 3344 769 3400 aut
785 3321 934 3427 legisset.
985 3323 1109 3402 Testes
1128 3325 1274 3422 inquam
1290 3327 1570 3409 moderarillirno
1588 3332 1682 3436 stylo
1700 3363 1813 3432 meo,

294 3477 302 3484 -
377 3422 479 3504 telles
510 3450 555 3500 cu
570 3422 620 3500 tui
645 3429 679 3498 &
699 3421 906 3502 reverentie
933 3449 1021 3527 erga
1036 3425 1200 3504 omnium
1231 3425 1402 3505 ordinum
1427 3436 1593 3512 mortales
1619 3435 1700 3512 sunt
1723 3437 1812 3518 libri

377 3523 471 3616 mei,
497 3549 588 3626 quos
606 3523 794 3601 consulere
815 3582 825 3618 ,
852 3547 959 3622 atque
977 3550 1142 3605 excutere
1160 3526 1353 3632 unicuique
1372 3530 1525 3612 liberum
1542 3533 1629 3616 ello.
1680 3543 1738 3616 Me
1747 3543 1815 3640 fild

377 3626 504 3713 habuc,
531 3651 582 3741 ego
598 3653 646 3699 me
659 3629 702 3700 llll
719 3637 880 3727 multuplo
895 3626 1005 3713 delo,
1031 3653 1112 3703 cum
1132 3627 1291 3707 Comico
1308 3631 1416 3716 nusun
1435 3633 1582 3728 dicere,
1607 3636 1671 3738 qai
1694 3637 1814 3719 mini-

376 3752 475 3804 mum
495 3723 532 3802 in
548 3724 613 3802 rllis
624 3723 813 3818 detexerit,
824 3725 925 3828 quod
944 3726 1272 3836 modestialegibus
1289 3731 1506 3815 adversetur.
1559 3733 1596 3814 Si
1611 3737 1701 3839 quid
1714 3743 1817 3820 Lec-

384 3851 442 3904 tor
468 3823 626 3902 acerbius
649 3830 753 3903 Parte
778 3832 823 3904 ll.
850 3825 1044 3906 Annalium
1072 3857 1235 3910 meorum
1269 3833 1306 3910 in
1332 3838 1644 3934 aetnulum,meum
1671 3835 1817 3922 diurna

384 3924 578 4028 repererit,
605 3923 761 4028 prudens
787 3927 881 4004 haud
903 3925 995 4006 vitio
1022 3927 1141 4024 dabit,
1166 3932 1308 4010 nonnisi
1335 3934 1470 4029 injuriis
1494 3954 1732 4042 provocatus,
1755 3943 1818 4040 ju-

384 4025 499 4130 stique
519 4024 654 4102 doloris
678 4025 774 4102 sensu
793 4028 967 4130 percitus,
992 4055 1067 4106 nun
1094 4034 1281 4110 tantillum
1307 4037 1432 4116 aculeis
1458 4033 1632 4146 appetii,¹
1652 4065 1762 4144 quem
1784 4044 1819 4126 is

386 4127 590 4210 erinaeetrm
611 4150 771 4232 tangere,
789 4127 960 4231 abutique
976 4131 1102 4208 volens
1118 4133 1152 4210 se
1168 4132 1282 4235 ipsum
1301 4135 1478 4222 sauciavit.
1683 4146 1756 4222 Re·

317 4319 323 4328 ,
429 4255 479 4341 (a)
520 4262 627 4345 Joanu·
643 4257 862 4346 Sarisbergenlis
877 4263 913 4326 L.
934 4277 965 4346 3.
984 4265 1156 4332 luberent.
1181 4281 1232 4342 14.

1572 4395 1593 4435 ο
