3906 4844
491 227 686 333 aaran
715 236 1149 350 hernencurtis.
1178 255 1298 332 1.
1413 215 1415 220 Ι
1513 261 1616 336 51,

139 404 447 510 Aspho,÷tehatur
470 405 497 482 is
512 413 684 508 'germane
703 404 739 480 se
761 402 1021 484 documentum
1043 405 1181 494 nullum
1206 405 1253 490 de
1279 403 1422 513 origine
1435 403 1563 508 'gentis
1579 392 1750 514 Luam
1792 423 1800 442 ·

139 505 336 612 reperisse,
353 505 440 606 quin
456 505 669 609 scriptorem
692 504 854 584 exstitisse
878 507 1042 598 nullum,
1073 505 1134 605 qui
1156 504 1392 586 Ethnicorum
1411 507 1564 590 Boemie

39 653 47 662 ·
138 610 289 702 Ducum
320 605 418 710 gesta
446 603 627 701 memoriae
652 605 942 708 commendasset.
1012 605 1081 684 Sed
1112 606 1226 698 noti,
1256 607 1345 708 quid
1369 632 1581 711 opponere
1752 626 1761 662 ⁸

64 731 78 748 ·
138 707 349 786 mediteris:
379 707 521 784 Cosme
546 705 759 807 scriptorum
780 703 1084 802 nomineteniffe
1107 705 1314 802 historicos,
1338 735 1417 787 non
1436 711 1564 802 Tabu2

137 811 254 888 larum
273 806 418 904 scribas,
441 807 694 908 notatiosquc:
745 807 886 905 Probe,⁴
912 801 1132 910 pancraticel
1184 813 1235 886 At
1252 835 1341 890 vero
1358 811 1561 891 tnaeausu-

138 937 202 984 rus
221 937 255 986 es
272 910 445 986 Cosmam
466 935 534 986 tatu
552 907 772 988 immemoris
790 905 917 1000 animi,
934 931 1107 1008 tanutque
1125 907 1368 1016 incogitantiae
1386 910 1562 988 condem

139 1014 257 1088 nerei
283 1009 366 1084 atsi
381 1011 482 1112 quod
498 1010 755 1090 documentum
775 1035 853 1088 arvo
872 1007 935 1086 suo
959 1007 998 1086 in
1014 1010 1161 1090 Tabulis
1181 1012 1301 1116 Regni
1317 1011 1364 1108 (le
1386 1013 1561 1103 Czecho,

141 1110 206 1188 dut
222 1107 365 1212 origine
385 1108 502 1213 gentis
519 1111 638 1201 latuit,
661 1108 752 1189 illud
774 1107 975 1212 neglexerit
996 1110 1327 1211 contemseritquet
1351 1109 1450 1188 illine
1466 1138 1560 1189 nun-
1624 1138 1629 1170 ¹

1 1275 2 1308 2
141 1236 253 1310 quam
268 1211 329 1290 hic
347 1211 449 1301 fons,
473 1210 534 1286 hic
552 1209 705 1288 latenin
733 1234 893 1288 mentem
912 1210 1071 1308 tenerit,
1100 1235 1136 1286 ut
1153 1211 1308 1314 proinde
1326 1212 1469 1290 monito
1486 1235 1558 1288 tuo

1 1317 38 1370 ¹-
139 1311 177 1390 ei
202 1309 450 1412 opusfuisleti
497 1313 670 1389 Nullusne
694 1308 980 1403 tuminventus,
1007 1311 1070 1412 qui
1093 1313 1262 1390 Cosmam
1281 1311 1493 1406 monuisset,
1520 1335 1560 1409 pt

140 1413 204 1490 hus
219 1413 373 1488 Tabulas
392 1413 593 1504 accederet,
624 1411 718 1488 unde
733 1409 887 1512 certiore
901 1410 937 1487 ei
955 1407 1096 1489 haurire
1112 1410 1246 1490 liceret.
1298 1413 1558 1518 Incogniutne,

141 1511 264 1613 siqua
279 1538 357 1590 nvo
377 1511 471 1599 illius·
493 1511 678 1600 exstitere,
704 1533 899 1614 potuerunt
924 1507 993 1588 esse
1012 1511 1152 1598 Colinae
1171 1513 1291 1618 Regia:
1316 1516 1459 1592 tabulati
1486 1517 1560 1593 De·

141 1637 236 1692 enno
257 1614 577 1716 Metropolitanus
632 1613 720 1690 Viro
740 1612 874 1692 summa
901 1609 994 1690 inter
1011 1617 1182 1692 l'roceres
1212 1611 1325 1716 gratia
1348 1615 1560 1693 &authori-
1594 1660 1598 1668 ·

143 1718 238 1795 tate}
262 1711 435 1790 historico
452 1737 687 1792 monumenta
731 1711 817 1792 atria
835 1709 995 1810 undique
1011 1712 1237 1814 exquirentis
1269 1785 1271 1789 .
1288 1715 1393 1808 Cur,
1421 1714 1446 1790 st
1466 1739 1505 1790 ea
1520 1713 1558 1790 in
1579 1725 1581 1730 ’

139 1842 182 1892 re
203 1840 275 1892 tutu
300 1818 495 1892 luculenter
511 1813 675 1918 peccavit
694 1741 862 1905 domas,
890 1837 1001 1892 nemo
1019 1813 1102 1891 alins
1132 1841 1196 1918 per
1213 1814 1362 1916 spatium
1390 1814 1557 1914 quadrin-
1603 1895 1610 1914 ¹

140 1941 339 2030 gentorum
352 1913 554 2009 annorum,
578 1942 710 2018 nempe
727 1914 773 1990 ad
788 1910 1011 1992 exustionem
1026 1914 1135 2016 usque
1153 1916 1330 2018 regiarum
1349 1917 1559 2008 tabularum,

66 2027 72 2036 '
141 2041 328 2108 inventus,
355 2015 417 2114 qui
435 2020 528 2106 hanc
544 2016 683 2094 Cosmae
699 2017 861 2092 lacunam
879 2013 1108 2116 explevisset,
1134 2014 1416 2116 prodidillerque
1430 2014 1465 2092 in
1484 2019 1558 2090 Ta-

140 2117 233 2194 bulis
253 2117 369 2220 Regni
390 2116 523 2195 exstare
540 2113 800 2193 cettasCzechi
816 2114 1027 2208 memorias,
1053 2115 1250 2194 fabulosum
1270 2116 1338 2192 esse
1356 2117 1453 2192 illum
1463 2113 1561 2193 Cos-

77 2278 84 2286 .
140 2245 206 2296 me
225 2221 418 2305 noenum,
445 2240 631 2316 ceteraque
649 2216 739 2292 illius
757 2214 891 2292 ibidem
911 2241 955 2291 cx
974 2215 1094 2294 senatun
1120 2215 1275 2294 sabulosa
1291 2215 1462 2294 relatione
1480 2243 1556 2292 nat·
1663 2251 1667 2262 ·

139 2325 242 2400 ratas
292 2320 369 2396 Cur
395 2315 614 2420 posteriores
639 2341 764 2414 omnes
792 2315 978 2418 scriptores
1009 2315 1045 2392 in
1076 2317 1257 2394 narrandis
1283 2313 1401 2420 gentis
1430 2313 1555 2391 nostrae
1580 2323 1589 2363 ’-

137 2418 250 2496 initiis
275 2416 493 2498 haeeadem
511 2413 657 2494 nonnisi
676 2417 888 2508 retulerunt,
911 2441 953 2492 ac
971 2442 1064 2516 perte
1079 2417 1124 2493 ad
1140 2420 1290 2494 uerbum
1304 2417 1475 2494 Cosmam
1493 2441 1555 2492 ex·
1627 2501 1632 2508 ‚

138 2519 373 2623 scripserunt
399 2543 577 2596 omnesne
595 2516 690 2594 Daui
705 2516 822 2610 fuere,
840 2541 878 2592 ut
894 2541 963 2592 tam
987 2515 1136 2594 solidum
1165 2516 1318 2594 historin
1347 2517 1555 2591 fundamen·

1 2607 2 2630 ¹
95 2625 107 2640 '
136 2644 233 2708 tum,
261 2623 364 2720 quale
382 2617 496 2696 videti
515 2617 648 2696 debent
665 2617 810 2693 Tabula
826 2616 967 2719 Regia,
993 2616 1041 2692 eis
1061 2642 1241 2716 nunquam
1256 2617 1471 2694 innitentem
1489 2643 1556 2692 ve-

60 2751 64 2758 ·
137 2721 264 2800 nireti
291 2745 438 2822 quatum
463 2718 671 2813 adiumento
684 2720 717 2794 si
744 2741 822 2793 non
845 2714 1106 2812 innovandam,
1135 2743 1228 2794 certe
1254 2717 1473 2792 solidandam
1498 2714 1554 2790 hi-

135 2821 285 2900 storiam
296 2818 445 2922 patriam
462 2818 612 2904 minime
628 2817 789 2894 dubitate
807 2839 1009 2920 potuerunt.
1064 2819 1193 2894 Verum
1213 2817 1354 2894 edoceri
1375 2841 1410 2893 te
1425 2811 1555 2916 cupio:

135 2919 397 3026 Imperirorum
411 2944 512 2994 ettot
529 2927 564 2996 δι
580 2919 704 2998 uitium
720 2915 782 3009 est,
798 2915 860 3015 qui
881 2941 1040 2995 veterum
1054 2917 1151 2994 usum
1171 2917 1328 3014 ritusque
1346 2943 1391 2992 ne
1409 2915 1567 3015 quidem

134 3051 208 3126 per
225 3015 457 3118 telescopium
475 3016 607 3110 videre,
619 3019 753 3119 quique
770 3015 953 3094 hodiernis
971 3017 1129 3094 motibus
1147 3017 1556 3121 atquelegibusomnem

139 3121 218 3200 fine
234 3113 438 3196 discrimine
457 3115 703 3220 antiquitatem
721 3117 923 3196 metiuntur.
960 3121 1048 3199 Non
1065 3117 1226 3198 exilitere
1242 3117 1381 3196 Cosmat
1392 3123 1558 3216 ternpore

136 3231 178 3305 δι
193 3246 272 3320 aevo
291 3219 355 3296 suo
371 3215 488 3296 adhuc
502 3219 621 3322 Regiae
641 3222 785 3312 tabulae,
811 3243 959 3318 quarum
976 3245 1044 3296 nec
1058 3218 1139 3312 ille,
1165 3246 1235 3296 nec
1250 3219 1336 3296 alius
1353 3241 1435 3294 ante
1454 3219 1556 3295 secu«

137 3325 214 3402 lam
241 3319 589 3400 maurentionem
617 3319 721 3416 facit3
748 3317 1001 3421 chirographis
1030 3319 1267 3398 membraneis
1294 3343 1419 3398 mutato
1447 3317 1555 3412 datis,

137 3421 305 3513 Dareum,
330 3425 547 3525 Regumque
577 3422 773 3511 consensu,
801 3418 1025 3522 privilegio,
1050 3445 1110 3498 aut
1133 3419 1412 3500 confirmatione
1437 3416 1554 3495 omnis

138 3523 228 3602 sides
253 3521 373 3610 stabat.
398 3555 403 3564 ·
424 3515 550 3598 Piodit
572 3519 645 3621 ipsa
663 3547 735 3603 vox
753 3531 852 3621 Regin
869 3523 1021 3598 Tabulas
1047 3521 1174 3624 Regias
1202 3519 1440 3622 posteriorum
1464 3544 1555 3596 tem·
1603 3543 1606 3547 ·

140 3651 271 3728 potum
288 3627 502 3724 Regumque
532 3619 716 3700 inventum
738 3622 833 3713 elle,
856 3648 926 3698 nec
944 3621 1040 3697 enim
1059 3630 1190 3699 Ducultr
1208 3621 1339 3697 Tubulat
1363 3621 1553 3723 appellatas
1579 3621 1583 3628 ’

139 3725 285 3824 usquam
302 3719 592 3824 deprehenderis.
656 3724 842 3818 Nusquam
869 3721 984 3822 legisti
1001 3720 1158 3798 inclitum
1178 3719 1329 3802 Ordinis
1355 3720 1407 3795 tui
1428 3719 1551 3800 Virum

139 3827 324 3901 Thomam
342 3823 574 3924 Berghauer,
602 3821 688 3921 qnid
714 3821 759 3900 de
778 3822 932 3898 exordio
951 3821 1144 3924 Regiorum
1166 3825 1380 3900 Tabularum
1405 3820 1552 3901 sentiati

137 3925 220 4004 audi
240 3925 308 4022 jam
326 3947 417 4001 ’reto
437 3920 536 3998 illum
552 3949 561 3998 τ
592 3927 635 4003 (¹)
662 3927 1000 4099 Malmfimdmli‘
1015 3931 1115 4002 vitum
1128 3927 1216 4031 firiffl
1231 3925 1370 4026 neceffum
1385 3929 1440 4024 cll,
1466 3935 1552 4028 quis·

530 4077 534 4085 =
852 4048 871 4120 3
934 4105 936 4112 Α
962 4071 964 4081 =
1133 4109 1136 4127 Ι
1431 4054 1502 4132 quas

179 4228 221 4308 (ι)
265 4229 429 4313 Berghsuer
446 4222 480 4298 iti
500 4187 755 4320 Prote-Mmtyie
771 4219 955 4303 Paenitentie
972 4219 1083 4327 css4p.
1098 4241 1151 4320 83.
1212 4193 1216 4198 ·
