3902 4830
442 219 587 328 Raorr
611 247 638 327 l.
666 246 987 348 Rernexroms
1013 247 1039 328 1.
1066 249 1099 353 §.
1125 251 1281 338 xxvn
1485 279 1555 368 193

131 411 285 513 baptizati
301 406 457 492 duntur.
488 401 598 529 x'siut
609 397 647 476 in
663 399 942 518 Y90²‚m2⁰duss¹
954 399 1025 479 esse
1042 402 1119 504 quis
1138 421 1216 484 noh
1227 394 1390 530 advertat
1396 456 1410 508 ι
1436 414 1557 520 legen-
1589 435 1762 548 Luam·

133 515 297 611 dumque
316 491 385 588 aliie
404 508 542 610 sagum}
568 529 651 580 nam
672 529 697 580 ιι
718 505 804 582 οΙιιιι
825 503 976 607 gentrles
1000 512 1036 581 lle
1051 531 1128 584 non
1146 509 1316 612 baptizati
1335 513 1556 614 dicebantur,

133 611 230 693 unde
247 612 356 690 etiam
378 609 565 707 antiquato
593 603 735 710 literaeg
753 606 813 682 usu
841 603 954 681 hodie
983 607 1156 710 gentilem
1172 611 1298 703 Deberi
1322 619 1554 720 appellamus.

131 711 266 818 Capite
294 739 354 810 34.
375 710 422 786 ait
449 712 549 786 cartul
573 705 777 809 significare
810 714 1045 809 uiam⁸pluujlri
1067 707 1248 788 sclavorum
1274 717 1447 812 idiomate,
1472 747 1556 800 curn
1597 761 1600 766 ·

130 821 257 894 Colrrirl
276 817 446 920 scriptum
466 809 537 887 elle
550 831 752 911 oporteat:
777 835 864 885 nam
883 809 948 887 hae
969 811 1233 916 fignificatione
1259 818 1344 891 viam
1370 830 1458 896 carri
1477 821 1559 900 red·

130 917 185 994 dit
202 919 393 1018 Presbyter
408 911 577 991 Diocleas
598 909 728 1011 aliique
747 932 897 988 veteres.
958 909 1063 989 (auid
1086 911 1202 990 dicam
1225 914 1270 992 de
1289 943 1383 995 voce
1404 925 1558 1000 Gelandn·

134 1045 244 1120 quam
260 1043 290 1094 c,
310 1047 342 1113 9,
357 1013 598 1112 suvicefinum
622 1016 679 1086 luci
696 1022 845 1110 praerupit·
870 1022 1071 1111 intepretari
1087 1011 1154 1095 ait,
1194 1041 1275 1110 cum
1301 1019 1498 1123 legendum
1515 1021 1557 1100 fit

135 1121 299 1220 Glujeanss
325 1115 425 1216 quod
442 1109 642 1194 hodiedum
660 1111 755 1212 apud
771 1113 950 1188 Dalmatas
969 1110 1065 1190 idem
1092 1123 1297 1196 connotat}
1348 1119 1452 1198 (luia
1481 1126 1557 1226 plu·
1660 1160 1662 1164 ·

133 1247 173 1296 ra
188 1221 396 1323 persequar}
432 1218 507 1294 haec
522 1211 599 1288 satis
619 1210 828 1290 testimonio
844 1211 935 1288 rnihi
955 1213 1025 1292 else
1040 1239 1194 1318 potuere
1211 1218 1318 1296 etiam
1336 1247 1467 1300 vocem
1497 1231 1555 1302 Sa-

70 1399 73 1406 Δ
126 1336 209 1427 pexi
235 1325 441 1420 corruptam
459 1311 539 1394 effe.
880 1409 889 1424 ο

246 1426 382 1496 Verum
407 1413 512 1492 adid
544 1412 646 1514 quod
673 1435 780 1514 caput
813 1412 1022 1493 nullorum
1056 1437 1201 1494 tuorum
1236 1419 1288 1498 est
1312 1419 1557 1502 transeamus:

130 1520 376 1602 ostenderam
407 1515 529 1593 eadem
558 1519 661 1590 Parte
683 1521 725 1595 ΙΙ.
745 1511 906 1616 plurimis
933 1541 977 1592 ex
1002 1518 1223 1597 Lodereleri
1251 1521 1364 1598 nostri
1390 1527 1555 1604 Vocabu-

131 1619 212 1700 lurii
229 1618 419 1698 Delmatici
437 1615 585 1694 vocibus
606 1639 744 1693 veteres
762 1616 907 1705 Slavos,
932 1641 1038 1716 atque
1058 1619 1258 1698 hodiedum
1277 1623 1456 1704 Dalmatas
1478 1626 1560 1704 lite·

133 1751 181 1800 re
201 1721 385 1798 hodierne
401 1717 573 1796 lloemicu
590 1717 610 1810 Ξ
627 1719 713 1792 loco
733 1713 927 1794 adhibuisse
954 1717 1090 1795 literam
1104 1751 1149 1814 x,
1176 1744 1285 1823 atque
1308 1723 1446 1803 idcirco
1466 1733 1560 1804 Por·

133 1821 375 1928 phyrogeniti
394 1846 523 1898 vocem
540 1824 679 1917 Suprm'
696 1816 803 1893 nobis
826 1817 1016 1920 legendam
1039 1815 1109 1898 else
1128 1828 1160 1914 [a
1179 1822 1238 1899 seu
1254 1825 1410 1922 3epte3is
1441 1851 1478 1904 ut
1494 1826 1560 1904 ali·

134 1923 223 2026 quid
243 1924 523 2027 pulverulentum
549 1940 738 2009 connotet.
781 1921 877 1995 -Hoc
897 1919 984 1994 illud
1005 1920 1221 2024 praecipuum
1241 1925 1412 2003 Lucifero
1431 1927 1558 2006 nostro

130 2027 261 2104 risuum
289 2023 456 2116 illiciam,
481 2023 556 2098 hoc
580 2017 738 2096 nostram
756 2015 894 2122 lingua
914 2022 1054 2099 Slavicae
1073 2023 1320 2125 Boemicteque
1339 2024 1561 2131 imperitiam

132 2125 325 2204 cavillandi
356 2126 530 2200 summum
560 2141 841 2224 argumentum:
894 2125 989 2198 Nam
1016 2122 1176 2200 censoria
1202 2125 1309 2228 virga
1336 2153 1403 2204 nos
1429 2130 1558 2207 feriens

135 2227 328 2315 int-repat:
355 2247 485 2299 vocem
511 2219 631 2318 prsis,
656 2245 694 2297 ιιι
713 2222 899 2324 pulverem
928 2247 1127 2316 connotet,
1154 2250 1233 2300 non
1257 2226 1361 2302 scribi
1379 2253 1447 2328 per
1465 2233 1561 2308 Boe·

133 2326 271 2406 micum
289 2327 307 2419 ,ξ
326 2323 386 2400 sed
405 2351 469 2424 per
487 2325 523 2418 ff.
579 2323 644 2399 nae
662 2315 804 2400 hercle!
832 2331 969 2426 magnae
992 2349 1011 2397 a
1030 2347 1089 2397 me
1109 2322 1175 2397 tibi
1192 2323 1337 2402 Lucifer
1363 2326 1558 2404 referende
1617 2319 1631 2402 ἶ

134 2426 281 2532 gratia,
310 2426 372 2524 qui
393 2446 449 2502 me
468 2423 671 2526 scripturam
699 2419 893 2514 docueris,
920 2449 1024 2522 quarn
1044 2425 1212 2500 hactenus
1229 2423 1418 2530 ignoravi,
1445 2427 1560 2504 nesci-
1622 2415 1626 2431 f

134 2529 172 2605 vi
192 2543 278 2606 ver‘o
296 2553 331 2602 te
351 2527 456 2604 etiam
474 2523 723 2602 Grammaticae
748 2523 958 2625 magisterio
977 2522 1093 2625 fungi„
1144 2524 1213 2600 Sed
1231 2523 1333 2624 quod
1352 2523 1438 2600 illud
1459 2552 1558 2604 tunm

131 2656 202 2707 tam
223 2628 380 2706 severtrm
399 2626 650 2729 supercilium,
677 2651 715 2700 ut
732 2623 868 2702 sullere
886 2625 1026 2729 flagites
1042 2627 1087 2702 ab
1104 2625 1255 2704 authore
1275 2629 1408 2704 Gracco
1428 2627 1558 2705 seculis

131 2712 215 2812 olto
232 2754 328 2806 aetate
348 2727 468 2806 nollta
488 2725 684 2806 vetustiore
702 2749 780 2802 eam
800 2725 978 2803 scribendi
997 2724 1175 2803 rationem
1196 2728 1419 2830 &orthogra
1450 2729 1559 2824 hiam,

131 2859 236 2932 quam
257 2830 370 2908 hodie
389 2827 620 2930 scrupulosurs
636 2825 703 2930 ipli
720 2827 825 2904 nobis
843 2828 1038 2904 affinximus
1057 2827 1383 2930 imposuimusques
1409 2757 1559 2908 guenta

86 2970 91 2979 ¹
117 2934 241 3016 etiam
264 2930 377 3008 hodie
407 2928 500 3006 inter
523 2928 657 3016 literam
676 2935 708 3022 ιῙ
718 2935 753 3004 &
770 2931 788 3021 ξ
806 2928 909 3005 sonus
932 2927 1267 3028 enunciationisque
1290 2927 1558 3031 discrepantias

132 3033 207 3108 Ubi
226 3029 410 3107 ostendisti
438 3051 472 3107 te
489 3029 617 3108 veteris
637 3029 909 3134 orthographiae
928 3027 1068 3107 Slavicae
1087 3029 1179 3106 adeo
1198 3055 1370 3132 gnarum,
1396 3055 1434 3107 ut
1452 3032 1558 3132 plane

67 3169 73 3176 ·
131 3133 288 3233 noscas,
313 3129 401 3232 quid
419 3129 506 3208 olim
527 3159 591 3234 per
618 3136 649 3222 ss
658 3131 716 3214 seu
734 3133 752 3223 3
773 3132 943 3233 scriptum
962 3131 1085 3207 fueriti
1147 3132 1220 3208 Ubi
1245 3131 1430 3208 ostendisti
1450 3132 1560 3210 Slavis

130 3223 314 3310 veteribtis
343 3231 479 3310 literam
506 3263 531 3308 x
555 3256 633 3308 non
665 3259 763 3332 aeque
794 3232 860 3308 rite
888 3226 957 3334 p'ro
988 3237 1019 3326 ff
1034 3257 1141 3332 atque
1166 3231 1304 3328 {fuisse
1332 3233 1561 3313 adhibitam}
1619 3287 1622 3300 ·

126 3331 369 3412 »Convenitne
385 3331 493 3411 eriam
514 3333 627 3410 hodie
651 3330 745 3410 inter
764 3330 1028 3410 Grammaticos
1045 3359 1171 3412 omnes
1190 3335 1344 3412 lloemos
1365 3333 1560 3410 Moravos-

135 3459 228 3533 que,
243 3462 320 3536 qtae
348 3461 455 3512 voces
483 3461 550 3538 per
566 3431 585 3528 ξ
603 3433 661 3508 seu
679 3461 743 3534 per
761 3437 793 3527 ἢ·
801 3433 905 3510 scribi
923 3433 1100 3513 debeatne
1152 3438 1212 3509 An
1230 3457 1306 3508 non
1326 3434 1385 3509 rel
1401 3431 1438 3508 in
1461 3429 1559 3511 libris

135 3535 239 3638 prelo
256 3533 342 3610 datis
371 3537 490 3636 passim
508 3533 640 3609 variam
658 3533 849 3612 lectionem
867 3535 1148 3638 deprehensurus
1166 3538 1225 3611 ess
1276 3529 1387 3612 Visne
1413 3533 1560 3612 demum

135 3660 176 3711 ut
200 3635 361 3712 omnium
387 3633 602 3714 Slaviearum
635 3634 797 3738 gentium
827 3633 916 3713 olim
944 3631 1267 3733 fuerint‚s1ntque
1294 3632 1407 3712 hodie
1424 3635 1559 3713 eedem

130 3735 418 3839 Orthographie
443 3739 567 3840 leges?
620 3737 688 3814 Sed
715 3733 838 3830 instas,
864 3761 1002 3814 veteres
1028 3737 1149 3814 Slavos
1174 3734 1336 3812 noslrum
1357 3735 1469 3830 §non
1493 3763 1558 3838 per
1577 3753 1643 3846 pag.
1672 3765 1727 3837 ῃ,
1790 3776 1796 3794 ·

1 3927 2 3934 ἵ
128 3835 232 3914 xsed
252 3863 318 3938 per
315 3839 391 4012 All,
407 3839 676 3918 nostrumsaut
693 3837 727 3928 t}
745 3863 812 3938 per
828 3843 905 3938 urhe
921 3836 1317 3940 reddidisse,&probas
1337 3833 1375 3913 id
1391 3864 1435 3914 ex
1452 3837 1559 3917 Sacro
1724 3847 1726 3852 ’

126 3938 310 4018 Moscuen
359 3967 382 4014 ιι
413 3941 450 4016 vi
469 3939 666 4018 testamenti
685 3936 813 4016 codice
832 3939 1024 4034 aJnrdano
1042 3941 1078 4016 in
1097 3937 1208 4018 Orio.
1229 3941 1319 4017 Slav.
1338 3940 1426 4018 sea.
1449 3963 1508 4038 51,
1523 3968 1560 4042 p.

1 4083 2 4118 ι
131 4051 285 4125 118.-ex
300 3967 443 4118 Kohho
472 4040 632 4118 recitato.
711 4045 807 4118 Hem
834 4039 1004 4118 dormitas
1030 4007 1195 4120 luciferi.
1223 4042 1313 4118 male
1334 4039 1384 4116 est
1411 4043 1560 4116 lucernae

128 4163 216 4320 tuaep,
243 4141 367 4327 anilmo
387 4169 483 4248 pene
499 4143 650 4247 linguit',
676 4143 1124 4320 revocaresssscbresoeillare
1147 4145 1267 4238 lumen
1286 4166 1385 4218 tuum
1401 4137 1561 4238 aliquan·

211 4263 277 4323 ΑΚΒ
1432 4263 1509 4324 tum
