<?xml version="1.0" encoding="UTF-8"?>
<!DOCTYPE html PUBLIC "-//W3C//DTD XHTML 1.0 Transitional//EN"
    "http://www.w3.org/TR/xhtml1/DTD/xhtml1-transitional.dtd">
<html xmlns="http://www.w3.org/1999/xhtml" xml:lang="en" lang="en">
 <head>
  <title>
</title>
<meta http-equiv="Content-Type" content="text/html;charset=utf-8" />
  <meta name='ocr-system' content='tesseract 3.04.00' />
  <meta name='ocr-capabilities' content='ocr_page ocr_carea ocr_par ocr_line ocrx_word'/>
</head>
<body>
  <div class='ocr_page' id='page_1' title='image "./gelasiidobneras00dobngoog_0182.png"; bbox 0 0 3902 4830; ppageno 0'>
   <div class='ocr_carea' id='block_1_1' title="bbox 400 193 1282 320">
    <p class='ocr_par' dir='ltr' id='par_1_1' title="bbox 400 193 1282 320">
     <span class='ocr_line' id='line_1_1' title="bbox 400 193 1282 320; baseline -0.01 -20"><span class='ocrx_word' id='word_1_1' title='bbox 400 235 475 319; x_wconf 74' lang='lat'>164</span> <span class='ocrx_word' id='word_1_2' title='bbox 589 269 596 288; x_wconf 64' lang='lat'><strong>.</strong></span> <span class='ocrx_word' id='word_1_3' title='bbox 766 193 767 198; x_wconf 8' lang='grc' dir='ltr'><strong><em>Ν</em></strong></span> <span class='ocrx_word' id='word_1_4' title='bbox 871 306 875 314; x_wconf 47' lang='grc'>,</span> <span class='ocrx_word' id='word_1_5' title='bbox 953 215 1282 320; x_wconf 74' lang='lat' dir='ltr'>Comrursrte</span> 
     </span>
    </p>
   </div>
   <div class='ocr_carea' id='block_1_2' title="bbox 168 358 1839 877">
    <p class='ocr_par' dir='ltr' id='par_1_2' title="bbox 168 358 1839 568">
     <span class='ocr_line' id='line_1_2' title="bbox 168 358 1839 468; baseline -0.007 -16"><span class='ocrx_word' id='word_1_6' title='bbox 168 373 351 459; x_wconf 71' lang='lat' dir='ltr'>Larisam</span> <span class='ocrx_word' id='word_1_7' title='bbox 374 403 379 408; x_wconf 91' lang='lat'>·</span> <span class='ocrx_word' id='word_1_8' title='bbox 403 368 778 468; x_wconf 56' lang='lat' dir='ltr'>rtunfismullumque</span> <span class='ocrx_word' id='word_1_9' title='bbox 794 389 871 444; x_wconf 89' lang='lat' dir='ltr'>nott</span> <span class='ocrx_word' id='word_1_10' title='bbox 896 389 1020 440; x_wconf 82' lang='lat' dir='ltr'>moves</span> <span class='ocrx_word' id='word_1_11' title='bbox 1048 362 1224 466; x_wconf 76' lang='lat' dir='ltr'>lapidem,</span> <span class='ocrx_word' id='word_1_12' title='bbox 1251 385 1288 440; x_wconf 89' lang='lat' dir='ltr'>ut</span> <span class='ocrx_word' id='word_1_13' title='bbox 1307 359 1468 440; x_wconf 81' lang='lat' dir='ltr'>ollendas</span> <span class='ocrx_word' id='word_1_14' title='bbox 1489 387 1550 440; x_wconf 85' lang='lat' dir='ltr'>eos</span> <span class='ocrx_word' id='word_1_15' title='bbox 1569 358 1839 440; x_wconf 86' lang='lat' dir='ltr'>dillimillimos</span> 
     </span>
     <span class='ocr_line' id='line_1_3' title="bbox 357 461 1839 568; baseline -0.007 -18"><span class='ocrx_word' id='word_1_16' title='bbox 357 463 363 472; x_wconf 53' lang='lat'><strong>¹</strong></span> <span class='ocrx_word' id='word_1_17' title='bbox 405 469 546 550; x_wconf 75' lang='lat' dir='ltr'>fuisses</span> <span class='ocrx_word' id='word_1_18' title='bbox 566 466 723 546; x_wconf 87' lang='lat' dir='ltr'>moribus</span> <span class='ocrx_word' id='word_1_19' title='bbox 734 466 932 568; x_wconf 87' lang='lat' dir='ltr'>priscorum</span> <span class='ocrx_word' id='word_1_20' title='bbox 943 466 1141 557; x_wconf 62' lang='lat' dir='ltr'>Surorum,</span> <span class='ocrx_word' id='word_1_21' title='bbox 1159 468 1250 540; x_wconf 83' lang='lat' dir='ltr'>adeo</span> <span class='ocrx_word' id='word_1_22' title='bbox 1268 489 1305 540; x_wconf 92' lang='lat' dir='ltr'>ut</span> <span class='ocrx_word' id='word_1_23' title='bbox 1323 484 1489 562; x_wconf 86' lang='lat' dir='ltr'>quantum</span> <span class='ocrx_word' id='word_1_24' title='bbox 1506 461 1601 537; x_wconf 87' lang='lat' dir='ltr'>inter</span> <span class='ocrx_word' id='word_1_25' title='bbox 1618 463 1774 538; x_wconf 80' lang='lat' dir='ltr'>bubonem</span> <span class='ocrx_word' id='word_1_26' title='bbox 1786 463 1839 539; x_wconf 61' lang='grc' dir='ltr'>θ’</span> 
     </span>
    </p>

    <p class='ocr_par' dir='ltr' id='par_1_3' title="bbox 407 559 1838 675">
     <span class='ocr_line' id='line_1_4' title="bbox 407 559 1838 675; baseline -0.008 -25"><span class='ocrx_word' id='word_1_27' title='bbox 407 576 559 675; x_wconf 78' lang='lat' dir='ltr'>aquilam,</span> <span class='ocrx_word' id='word_1_28' title='bbox 572 573 733 672; x_wconf 72' lang='lat' dir='ltr'>brrpygr&#39;ar</span> <span class='ocrx_word' id='word_1_29' title='bbox 749 565 791 642; x_wconf 62' lang='lat' dir='ltr'>cl*</span> <span class='ocrx_word' id='word_1_30' title='bbox 807 565 946 664; x_wconf 82' lang='lat' dir='ltr'>luscinias</span> <span class='ocrx_word' id='word_1_31' title='bbox 965 562 1154 641; x_wconf 84' lang='lat' dir='ltr'>discrimen</span> <span class='ocrx_word' id='word_1_32' title='bbox 1171 562 1230 657; x_wconf 88' lang='lat' dir='ltr'>est,</span> <span class='ocrx_word' id='word_1_33' title='bbox 1240 587 1374 640; x_wconf 87' lang='lat' dir='ltr'>tantum</span> <span class='ocrx_word' id='word_1_34' title='bbox 1393 565 1467 636; x_wconf 89' lang='lat' dir='ltr'>imo</span> <span class='ocrx_word' id='word_1_35' title='bbox 1486 559 1593 654; x_wconf 75' lang='lat' dir='ltr'>maius</span> <span class='ocrx_word' id='word_1_36' title='bbox 1613 571 1838 654; x_wconf 66' lang='lat' dir='ltr'>{renuerem</span> 
     </span>
    </p>

    <p class='ocr_par' dir='ltr' id='par_1_4' title="bbox 390 658 1834 771">
     <span class='ocr_line' id='line_1_5' title="bbox 390 658 1834 771; baseline -0.008 -21"><span class='ocrx_word' id='word_1_37' title='bbox 390 675 546 755; x_wconf 71' lang='lat' dir='ltr'>&#39;Zrcrlm</span> <span class='ocrx_word' id='word_1_38' title='bbox 571 673 736 771; x_wconf 75' lang='lat' dir='ltr'>Slrvusqtre</span> <span class='ocrx_word' id='word_1_39' title='bbox 753 663 851 741; x_wconf 80' lang='lat' dir='ltr'>soille</span> <span class='ocrx_word' id='word_1_40' title='bbox 870 661 1017 742; x_wconf 74' lang='lat' dir='ltr'>diclites.</span> <span class='ocrx_word' id='word_1_41' title='bbox 1066 661 1219 739; x_wconf 65' lang='lat' dir='ltr'>Quanto</span> <span class='ocrx_word' id='word_1_42' title='bbox 1241 663 1325 738; x_wconf 82' lang='lat' dir='ltr'>aufis</span> <span class='ocrx_word' id='word_1_43' title='bbox 1344 687 1480 736; x_wconf 86' lang='lat' dir='ltr'>mecum</span> <span class='ocrx_word' id='word_1_44' title='bbox 1497 686 1630 738; x_wconf 77' lang='lat' dir='ltr'>certare</span> <span class='ocrx_word' id='word_1_45' title='bbox 1646 658 1683 763; x_wconf 92' lang='lat' dir='ltr'>pi</span> <span class='ocrx_word' id='word_1_46' title='bbox 1715 688 1834 756; x_wconf 85' lang='lat' dir='ltr'>nore,</span> 
     </span>
    </p>

    <p class='ocr_par' dir='ltr' id='par_1_5' title="bbox 391 688 1833 877">
     <span class='ocr_line' id='line_1_6' title="bbox 391 688 1833 877; baseline -0.006 -30"><span class='ocrx_word' id='word_1_47' title='bbox 391 770 437 847; x_wconf 74' lang='lat' dir='ltr'>‘st</span> <span class='ocrx_word' id='word_1_48' title='bbox 462 767 608 845; x_wconf 80' lang='lat' dir='ltr'>evicero</span> <span class='ocrx_word' id='word_1_49' title='bbox 628 793 706 844; x_wconf 91' lang='lat' dir='ltr'>non</span> <span class='ocrx_word' id='word_1_50' title='bbox 733 763 885 863; x_wconf 79' lang='lat' dir='ltr'>aquilam</span> <span class='ocrx_word' id='word_1_51' title='bbox 906 762 1053 877; x_wconf 76' lang='lat' dir='ltr'>aquilis,</span> <span class='ocrx_word' id='word_1_52' title='bbox 1080 779 1158 840; x_wconf 87' lang='lat' dir='ltr'>non</span> <span class='ocrx_word' id='word_1_53' title='bbox 1181 763 1360 852; x_wconf 83' lang='lat' dir='ltr'>lusciniam</span> <span class='ocrx_word' id='word_1_54' title='bbox 1385 761 1587 864; x_wconf 70' lang='lat' dir='ltr'>philomelae</span> <span class='ocrx_word' id='word_1_55' title='bbox 1611 688 1833 838; x_wconf 58' lang='lat' dir='ltr'>fimiitorem</span> 
     </span>
    </p>
   </div>
   <div class='ocr_carea' id='block_1_3' title="bbox 392 861 1936 1166">
    <p class='ocr_par' dir='ltr' id='par_1_6' title="bbox 392 861 1936 1166">
     <span class='ocr_line' id='line_1_7' title="bbox 410 861 1830 973; baseline -0.006 -27"><span class='ocrx_word' id='word_1_56' title='bbox 410 868 483 947; x_wconf 81' lang='lat' dir='ltr'>elle</span> <span class='ocrx_word' id='word_1_57' title='bbox 497 922 509 962; x_wconf 94' lang='lat'>,</span> <span class='ocrx_word' id='word_1_58' title='bbox 535 891 640 967; x_wconf 83' lang='lat' dir='ltr'>quem</span> <span class='ocrx_word' id='word_1_59' title='bbox 669 862 867 941; x_wconf 87' lang='lat' dir='ltr'>eorundem</span> <span class='ocrx_word' id='word_1_60' title='bbox 892 867 980 942; x_wconf 81' lang='lat' dir='ltr'>Altae</span> <span class='ocrx_word' id='word_1_61' title='bbox 1003 863 1233 939; x_wconf 89' lang='lat' dir='ltr'>Zecchorum</span> <span class='ocrx_word' id='word_1_62' title='bbox 1259 887 1377 938; x_wconf 86' lang='lat' dir='ltr'>mores</span> <span class='ocrx_word' id='word_1_63' title='bbox 1405 861 1601 972; x_wconf 78' lang='lat' dir='ltr'>nriscqrum</span> <span class='ocrx_word' id='word_1_64' title='bbox 1617 861 1830 973; x_wconf 65' lang='lat' dir='ltr'>⁸Slauorurn</span> 
     </span>
     <span class='ocr_line' id='line_1_8' title="bbox 392 959 1936 1070; baseline -0.003 -28"><span class='ocrx_word' id='word_1_65' title='bbox 392 967 423 1042; x_wconf 83' lang='lat' dir='ltr'>&#39;i</span> <span class='ocrx_word' id='word_1_66' title='bbox 454 969 645 1066; x_wconf 80' lang='lat' dir='ltr'>forumque</span> <span class='ocrx_word' id='word_1_67' title='bbox 668 965 840 1061; x_wconf 78' lang='lat' dir='ltr'>majorum</span> <span class='ocrx_word' id='word_1_68' title='bbox 860 961 1064 1066; x_wconf 85' lang='lat' dir='ltr'>nostrorum</span> <span class='ocrx_word' id='word_1_69' title='bbox 1083 961 1264 1040; x_wconf 67' lang='lat' dir='ltr'>moribus!</span> <span class='ocrx_word' id='word_1_70' title='bbox 1292 959 1447 1037; x_wconf 82' lang='lat' dir='ltr'>Luciferi</span> <span class='ocrx_word' id='word_1_71' title='bbox 1474 983 1523 1070; x_wconf 75' lang='lat' dir='ltr'>tut</span> <span class='ocrx_word' id='word_1_72' title='bbox 1543 960 1643 1060; x_wconf 80' lang='lat' dir='ltr'>pellis</span> <span class='ocrx_word' id='word_1_73' title='bbox 1667 962 1829 1064; x_wconf 77' lang='lat' dir='ltr'>pignori</span> <span class='ocrx_word' id='word_1_74' title='bbox 1934 981 1936 1036; x_wconf 70' lang='lat' dir='ltr'>l</span> 
     </span>
     <span class='ocr_line' id='line_1_9' title="bbox 440 1054 1936 1166; baseline -0.003 -22"><span class='ocrx_word' id='word_1_75' title='bbox 440 1093 485 1158; x_wconf 87' lang='lat' dir='ltr'>r„</span> <span class='ocrx_word' id='word_1_76' title='bbox 501 1065 565 1166; x_wconf 91' lang='lat' dir='ltr'>qui</span> <span class='ocrx_word' id='word_1_77' title='bbox 575 1067 746 1166; x_wconf 72' lang='lat' dir='ltr'>vapulet,</span> <span class='ocrx_word' id='word_1_78' title='bbox 773 1061 949 1142; x_wconf 84' lang='lat' dir='ltr'>livicero.</span> <span class='ocrx_word' id='word_1_79' title='bbox 969 1097 971 1102; x_wconf 29' lang='lat' dir='ltr'>v</span> <span class='ocrx_word' id='word_1_80' title='bbox 1002 1065 1100 1138; x_wconf 81' lang='lat' dir='ltr'>Eunt</span> <span class='ocrx_word' id='word_1_81' title='bbox 1119 1054 1140 1136; x_wconf 83' lang='lat' dir='ltr'>l</span> <span class='ocrx_word' id='word_1_82' title='bbox 1154 1060 1349 1163; x_wconf 88' lang='lat' dir='ltr'>periculum</span> <span class='ocrx_word' id='word_1_83' title='bbox 1367 1059 1481 1136; x_wconf 87' lang='lat' dir='ltr'>facere</span> <span class='ocrx_word' id='word_1_84' title='bbox 1496 1063 1614 1138; x_wconf 80' lang='lat' dir='ltr'>liceat:</span> <span class='ocrx_word' id='word_1_85' title='bbox 1643 1060 1832 1140; x_wconf 84' lang='lat' dir='ltr'>Omnium</span> <span class='ocrx_word' id='word_1_86' title='bbox 1933 1067 1936 1144; x_wconf 71' lang='grc' dir='ltr'>’ζ</span> 
     </span>
    </p>
   </div>
   <div class='ocr_carea' id='block_1_4' title="bbox 299 1159 1936 4238">
    <p class='ocr_par' dir='ltr' id='par_1_7' title="bbox 393 1159 1936 1660">
     <span class='ocr_line' id='line_1_10' title="bbox 409 1159 1936 1270; baseline -0.001 -30"><span class='ocrx_word' id='word_1_87' title='bbox 409 1165 539 1270; x_wconf 90' lang='lat' dir='ltr'>primo</span> <span class='ocrx_word' id='word_1_88' title='bbox 561 1161 730 1266; x_wconf 81' lang='lat' dir='ltr'>producis</span> <span class='ocrx_word' id='word_1_89' title='bbox 755 1161 952 1264; x_wconf 86' lang='lat' dir='ltr'>quodpiam</span> <span class='ocrx_word' id='word_1_90' title='bbox 983 1161 1032 1237; x_wconf 84' lang='lat' dir='ltr'>fra</span> <span class='ocrx_word' id='word_1_91' title='bbox 1064 1187 1221 1237; x_wconf 88' lang='lat' dir='ltr'>mentum</span> <span class='ocrx_word' id='word_1_92' title='bbox 1252 1163 1349 1252; x_wconf 85' lang='lat' dir='ltr'>MS,</span> <span class='ocrx_word' id='word_1_93' title='bbox 1374 1159 1476 1258; x_wconf 89' lang='lat' dir='ltr'>quod</span> <span class='ocrx_word' id='word_1_94' title='bbox 1499 1159 1672 1261; x_wconf 87' lang='lat' dir='ltr'>Josephus</span> <span class='ocrx_word' id='word_1_95' title='bbox 1708 1165 1832 1239; x_wconf 82' lang='lat' dir='ltr'>Inno-</span> <span class='ocrx_word' id='word_1_96' title='bbox 1934 1163 1936 1204; x_wconf 72' lang='lat'>⁷</span> 
     </span>
     <span class='ocr_line' id='line_1_11' title="bbox 393 1187 1936 1364; baseline -0.004 -21"><span class='ocrx_word' id='word_1_97' title='bbox 393 1281 401 1363; x_wconf 63' lang='grc' dir='ltr'>ζ</span> <span class='ocrx_word' id='word_1_98' title='bbox 410 1265 544 1343; x_wconf 85' lang='lat' dir='ltr'>centius</span> <span class='ocrx_word' id='word_1_99' title='bbox 563 1261 765 1342; x_wconf 88' lang='lat' dir='ltr'>Desericius</span> <span class='ocrx_word' id='word_1_100' title='bbox 790 1265 835 1338; x_wconf 88' lang='lat' dir='ltr'>ub</span> <span class='ocrx_word' id='word_1_101' title='bbox 850 1259 1009 1337; x_wconf 77' lang='lat' dir='ltr'>Historia</span> <span class='ocrx_word' id='word_1_102' title='bbox 1033 1187 1091 1336; x_wconf 56' lang='lat' dir='ltr'>fita</span> <span class='ocrx_word' id='word_1_103' title='bbox 1107 1259 1317 1364; x_wconf 79' lang='lat' dir='ltr'>Hungarica</span> <span class='ocrx_word' id='word_1_104' title='bbox 1339 1261 1448 1358; x_wconf 80' lang='lat' dir='ltr'>ntultu</span> <span class='ocrx_word' id='word_1_105' title='bbox 1522 1259 1730 1354; x_wconf 75' lang='lat' dir='ltr'>ominatur,</span> <span class='ocrx_word' id='word_1_106' title='bbox 1749 1263 1833 1342; x_wconf 89' lang='lat' dir='ltr'>Or·</span> <span class='ocrx_word' id='word_1_107' title='bbox 1935 1269 1936 1314; x_wconf 76' lang='lat'><em>³</em></span> 
     </span>
     <span class='ocr_line' id='line_1_12' title="bbox 398 1357 1830 1465; baseline -0.003 -23"><span class='ocrx_word' id='word_1_108' title='bbox 398 1363 507 1442; x_wconf 85' lang='lat' dir='ltr'>&#39;dinis</span> <span class='ocrx_word' id='word_1_109' title='bbox 533 1364 605 1438; x_wconf 89' lang='lat' dir='ltr'>mei</span> <span class='ocrx_word' id='word_1_110' title='bbox 622 1363 764 1438; x_wconf 84' lang='lat' dir='ltr'>minimi</span> <span class='ocrx_word' id='word_1_111' title='bbox 784 1365 976 1449; x_wconf 79' lang='lat' dir='ltr'>Alumnus,</span> <span class='ocrx_word' id='word_1_112' title='bbox 1001 1384 1210 1462; x_wconf 84' lang='lat' dir='ltr'>magnoque</span> <span class='ocrx_word' id='word_1_113' title='bbox 1227 1359 1278 1436; x_wconf 91' lang='lat' dir='ltr'>rei</span> <span class='ocrx_word' id='word_1_114' title='bbox 1296 1357 1454 1435; x_wconf 67' lang='lat' dir='ltr'>literaria</span> <span class='ocrx_word' id='word_1_115' title='bbox 1523 1387 1610 1436; x_wconf 87' lang='lat' dir='ltr'>mnu</span> <span class='ocrx_word' id='word_1_116' title='bbox 1633 1387 1732 1438; x_wconf 86' lang='lat' dir='ltr'>anno</span> <span class='ocrx_word' id='word_1_117' title='bbox 1745 1363 1830 1465; x_wconf 87' lang='lat' dir='ltr'>pri-</span> 
     </span>
     <span class='ocr_line' id='line_1_13' title="bbox 395 1457 1914 1564; baseline 0.003 -24"><span class='ocrx_word' id='word_1_118' title='bbox 395 1462 510 1540; x_wconf 74' lang='lat' dir='ltr'>&#39;nrum</span> <span class='ocrx_word' id='word_1_119' title='bbox 529 1462 711 1564; x_wconf 85' lang='lat' dir='ltr'>superiore</span> <span class='ocrx_word' id='word_1_120' title='bbox 729 1462 806 1538; x_wconf 87' lang='lat' dir='ltr'>fatis</span> <span class='ocrx_word' id='word_1_121' title='bbox 819 1463 956 1561; x_wconf 64' lang='lat' dir='ltr'>furseius</span> <span class='ocrx_word' id='word_1_122' title='bbox 976 1459 1012 1535; x_wconf 91' lang='lat' dir='ltr'>in</span> <span class='ocrx_word' id='word_1_123' title='bbox 1035 1458 1254 1539; x_wconf 84' lang='lat' dir='ltr'>Bibliotheca</span> <span class='ocrx_word' id='word_1_124' title='bbox 1273 1459 1435 1554; x_wconf 79' lang='lat' dir='ltr'>Vaticana</span> <span class='ocrx_word' id='word_1_125' title='bbox 1453 1457 1609 1548; x_wconf 81' lang='lat' dir='ltr'>detexit,</span> <span class='ocrx_word' id='word_1_126' title='bbox 1634 1485 1739 1562; x_wconf 84' lang='lat' dir='ltr'>atque</span> <span class='ocrx_word' id='word_1_127' title='bbox 1756 1463 1830 1538; x_wconf 86' lang='lat' dir='ltr'>suis</span> <span class='ocrx_word' id='word_1_128' title='bbox 1909 1538 1914 1544; x_wconf 90' lang='lat'><strong>.</strong></span> 
     </span>
     <span class='ocr_line' id='line_1_14' title="bbox 411 1557 1831 1660; baseline -0.003 -20"><span class='ocrx_word' id='word_1_129' title='bbox 411 1561 642 1640; x_wconf 83' lang='lat' dir='ltr'>laudatiffimis</span> <span class='ocrx_word' id='word_1_130' title='bbox 662 1561 941 1641; x_wconf 77' lang='lat' dir='ltr'>Commentariis</span> <span class='ocrx_word' id='word_1_131' title='bbox 960 1557 1127 1636; x_wconf 88' lang='lat' dir='ltr'>Historiae</span> <span class='ocrx_word' id='word_1_132' title='bbox 1146 1562 1358 1660; x_wconf 82' lang='lat' dir='ltr'>Hunguricae</span> <span class='ocrx_word' id='word_1_133' title='bbox 1377 1557 1541 1650; x_wconf 71' lang='lat' dir='ltr'>instruit,</span> <span class='ocrx_word' id='word_1_134' title='bbox 1566 1563 1729 1660; x_wconf 80' lang='lat' dir='ltr'>equibus</span> <span class='ocrx_word' id='word_1_135' title='bbox 1746 1589 1831 1636; x_wconf 89' lang='lat' dir='ltr'>rur-</span> 
     </span>
    </p>

    <p class='ocr_par' dir='ltr' id='par_1_8' title="bbox 299 1651 1936 2059">
     <span class='ocr_line' id='line_1_15' title="bbox 299 1651 1936 1768; baseline -0.001 -30"><span class='ocrx_word' id='word_1_136' title='bbox 299 1720 304 1730; x_wconf 76' lang='lat'><strong>.</strong></span> <span class='ocrx_word' id='word_1_137' title='bbox 395 1651 486 1738; x_wconf 75' lang='lat' dir='ltr'>¹sunt</span> <span class='ocrx_word' id='word_1_138' title='bbox 505 1661 592 1738; x_wconf 91' lang='lat' dir='ltr'>illud</span> <span class='ocrx_word' id='word_1_139' title='bbox 612 1660 855 1739; x_wconf 87' lang='lat' dir='ltr'>eruditillimus</span> <span class='ocrx_word' id='word_1_140' title='bbox 878 1661 938 1738; x_wconf 84' lang='lat' dir='ltr'>Vir</span> <span class='ocrx_word' id='word_1_141' title='bbox 961 1657 1145 1768; x_wconf 82' lang='lat' dir='ltr'>Georgius</span> <span class='ocrx_word' id='word_1_142' title='bbox 1169 1664 1261 1761; x_wconf 76' lang='lat' dir='ltr'>l‘rsy</span> <span class='ocrx_word' id='word_1_143' title='bbox 1278 1659 1312 1734; x_wconf 91' lang='lat' dir='ltr'>S.</span> <span class='ocrx_word' id='word_1_144' title='bbox 1329 1661 1358 1750; x_wconf 87' lang='lat' dir='ltr'>J.</span> <span class='ocrx_word' id='word_1_145' title='bbox 1377 1659 1569 1760; x_wconf 80' lang='lat' dir='ltr'>excerpsit,</span> <span class='ocrx_word' id='word_1_146' title='bbox 1595 1665 1631 1735; x_wconf 69' lang='grc' dir='ltr'>δι</span> <span class='ocrx_word' id='word_1_147' title='bbox 1646 1659 1681 1736; x_wconf 88' lang='lat' dir='ltr'>in</span> <span class='ocrx_word' id='word_1_148' title='bbox 1701 1665 1829 1738; x_wconf 83' lang='lat' dir='ltr'>Anna·</span> <span class='ocrx_word' id='word_1_149' title='bbox 1935 1709 1936 1712; x_wconf 61' lang='lat'><em>=</em></span> 
     </span>
     <span class='ocr_line' id='line_1_16' title="bbox 398 1753 1829 1860; baseline 0.001 -24"><span class='ocrx_word' id='word_1_150' title='bbox 398 1753 586 1838; x_wconf 81' lang='lat' dir='ltr'>&#39;libus&#39;suis</span> <span class='ocrx_word' id='word_1_151' title='bbox 608 1766 829 1838; x_wconf 89' lang='lat' dir='ltr'>Hunnorum</span> <span class='ocrx_word' id='word_1_152' title='bbox 847 1759 887 1834; x_wconf 89' lang='lat' dir='ltr'>in</span> <span class='ocrx_word' id='word_1_153' title='bbox 911 1757 1161 1838; x_wconf 85' lang='lat' dir='ltr'>Differtatrone</span> <span class='ocrx_word' id='word_1_154' title='bbox 1178 1757 1308 1860; x_wconf 69' lang='lat' dir='ltr'>previa</span> <span class='ocrx_word' id='word_1_155' title='bbox 1329 1761 1365 1834; x_wconf 88' lang='lat' dir='ltr'>P.</span> <span class='ocrx_word' id='word_1_156' title='bbox 1379 1760 1441 1833; x_wconf 91' lang='lat'>111.</span> <span class='ocrx_word' id='word_1_157' title='bbox 1460 1785 1496 1858; x_wconf 90' lang='lat' dir='ltr'>p.</span> <span class='ocrx_word' id='word_1_158' title='bbox 1519 1767 1602 1855; x_wconf 66' lang='grc' dir='ltr'>μιᾷ.</span> <span class='ocrx_word' id='word_1_159' title='bbox 1619 1768 1654 1835; x_wconf 73' lang='grc' dir='ltr'>δι</span> <span class='ocrx_word' id='word_1_160' title='bbox 1674 1785 1759 1858; x_wconf 83' lang='lat'>317.</span> <span class='ocrx_word' id='word_1_161' title='bbox 1776 1761 1829 1838; x_wconf 78' lang='lat' dir='ltr'>ad</span> 
     </span>
     <span class='ocr_line' id='line_1_17' title="bbox 399 1851 1828 1956; baseline -0.001 -20"><span class='ocrx_word' id='word_1_162' title='bbox 399 1851 566 1937; x_wconf 78' lang='lat' dir='ltr'>&#39;verbum</span> <span class='ocrx_word' id='word_1_163' title='bbox 585 1858 716 1940; x_wconf 89' lang='lat' dir='ltr'>retulit.</span> <span class='ocrx_word' id='word_1_164' title='bbox 767 1863 809 1934; x_wconf 88' lang='lat' dir='ltr'>ln</span> <span class='ocrx_word' id='word_1_165' title='bbox 826 1859 900 1934; x_wconf 92' lang='lat' dir='ltr'>hoc</span> <span class='ocrx_word' id='word_1_166' title='bbox 919 1861 998 1934; x_wconf 87' lang='lat' dir='ltr'>MS.</span> <span class='ocrx_word' id='word_1_167' title='bbox 1008 1855 1161 1933; x_wconf 86' lang='lat' dir='ltr'>dicitur:</span> <span class='ocrx_word' id='word_1_168' title='bbox 1213 1863 1380 1956; x_wconf 79' lang='lat' dir='ltr'>Principem</span> <span class='ocrx_word' id='word_1_169' title='bbox 1397 1867 1707 1951; x_wconf 75' lang='lat' dir='ltr'>Zrcclerumrerrtrrm</span> <span class='ocrx_word' id='word_1_170' title='bbox 1725 1865 1828 1944; x_wconf 70' lang='lat' dir='ltr'>belre-</span> 
     </span>
     <span class='ocr_line' id='line_1_18' title="bbox 413 1956 1844 2059; baseline 0 -26"><span class='ocrx_word' id='word_1_171' title='bbox 413 1988 449 2033; x_wconf 82' lang='lat' dir='ltr'>re</span> <span class='ocrx_word' id='word_1_172' title='bbox 466 1983 606 2050; x_wconf 77' lang='lat' dir='ltr'>uxores,</span> <span class='ocrx_word' id='word_1_173' title='bbox 650 1969 781 2059; x_wconf 78' lang='lat' dir='ltr'>regionis</span> <span class='ocrx_word' id='word_1_174' title='bbox 802 1986 874 2032; x_wconf 76' lang='lat' dir='ltr'>uero</span> <span class='ocrx_word' id='word_1_175' title='bbox 901 1961 981 2031; x_wconf 76' lang='lat' dir='ltr'>illim</span> <span class='ocrx_word' id='word_1_176' title='bbox 1010 1967 1095 2031; x_wconf 85' lang='lat' dir='ltr'>virus</span> <span class='ocrx_word' id='word_1_177' title='bbox 1121 1977 1209 2056; x_wconf 69' lang='lat' dir='ltr'>rupert</span> <span class='ocrx_word' id='word_1_178' title='bbox 1232 1961 1344 2032; x_wconf 73' lang='lat' dir='ltr'>radere</span> <span class='ocrx_word' id='word_1_179' title='bbox 1366 1958 1409 2032; x_wconf 56' lang='grc' dir='ltr'><em>ὅ</em></span> <span class='ocrx_word' id='word_1_180' title='bbox 1427 1957 1532 2033; x_wconf 76' lang='lat' dir='ltr'>barber</span> <span class='ocrx_word' id='word_1_181' title='bbox 1554 1968 1682 2034; x_wconf 79' lang='lat' dir='ltr'>nutrire.</span> <span class='ocrx_word' id='word_1_182' title='bbox 1760 1956 1844 2033; x_wconf 77' lang='lat' dir='ltr'>Hi·</span> 
     </span>
    </p>

    <p class='ocr_par' dir='ltr' id='par_1_9' title="bbox 403 2053 1936 2958">
     <span class='ocr_line' id='line_1_19' title="bbox 415 2053 1936 2159; baseline 0.001 -29"><span class='ocrx_word' id='word_1_183' title='bbox 415 2056 466 2146; x_wconf 81' lang='lat' dir='ltr'>illi</span> <span class='ocrx_word' id='word_1_184' title='bbox 489 2056 554 2133; x_wconf 90' lang='lat' dir='ltr'>tibi</span> <span class='ocrx_word' id='word_1_185' title='bbox 569 2057 755 2134; x_wconf 85' lang='lat' dir='ltr'>bubonum</span> <span class='ocrx_word' id='word_1_186' title='bbox 773 2063 809 2132; x_wconf 72' lang='grc' dir='ltr'>δι</span> <span class='ocrx_word' id='word_1_187' title='bbox 830 2053 1085 2159; x_wconf 81' lang='lat' dir='ltr'>harpygiarum</span> <span class='ocrx_word' id='word_1_188' title='bbox 1101 2081 1238 2147; x_wconf 88' lang='lat' dir='ltr'>mores,</span> <span class='ocrx_word' id='word_1_189' title='bbox 1265 2055 1326 2157; x_wconf 90' lang='lat' dir='ltr'>qui</span> <span class='ocrx_word' id='word_1_190' title='bbox 1342 2054 1465 2155; x_wconf 81' lang='lat' dir='ltr'>aquilis</span> <span class='ocrx_word' id='word_1_191' title='bbox 1483 2057 1587 2132; x_wconf 80' lang='lat' dir='ltr'>Slauis</span> <span class='ocrx_word' id='word_1_192' title='bbox 1604 2055 1668 2135; x_wconf 87' lang='lat' dir='ltr'>tuis</span> <span class='ocrx_word' id='word_1_193' title='bbox 1686 2053 1818 2132; x_wconf 82' lang='lat' dir='ltr'>uiden·</span> <span class='ocrx_word' id='word_1_194' title='bbox 1935 2057 1936 2116; x_wconf 70' lang='grc' dir='ltr'><strong>ἓ</strong></span> 
     </span>
     <span class='ocr_line' id='line_1_20' title="bbox 417 2155 1826 2258; baseline 0 -26"><span class='ocrx_word' id='word_1_195' title='bbox 417 2178 475 2232; x_wconf 89' lang='lat' dir='ltr'>tur</span> <span class='ocrx_word' id='word_1_196' title='bbox 491 2155 748 2235; x_wconf 83' lang='lat' dir='ltr'>difformiffimi.</span> <span class='ocrx_word' id='word_1_197' title='bbox 802 2157 935 2232; x_wconf 86' lang='lat' dir='ltr'>Verum</span> <span class='ocrx_word' id='word_1_198' title='bbox 954 2180 1141 2253; x_wconf 82' lang='lat' dir='ltr'>antequam</span> <span class='ocrx_word' id='word_1_199' title='bbox 1164 2157 1269 2232; x_wconf 80' lang='lat' dir='ltr'>altum</span> <span class='ocrx_word' id='word_1_200' title='bbox 1296 2155 1496 2258; x_wconf 83' lang='lat' dir='ltr'>ingrediar,</span> <span class='ocrx_word' id='word_1_201' title='bbox 1524 2156 1657 2256; x_wconf 79' lang='lat' dir='ltr'>praefati</span> <span class='ocrx_word' id='word_1_202' title='bbox 1673 2162 1708 2232; x_wconf 74' lang='lat' dir='ltr'>te</span> <span class='ocrx_word' id='word_1_203' title='bbox 1726 2183 1826 2256; x_wconf 82' lang='lat' dir='ltr'>quae·</span> 
     </span>
     <span class='ocr_line' id='line_1_21' title="bbox 416 2253 1827 2358; baseline 0.003 -28"><span class='ocrx_word' id='word_1_204' title='bbox 416 2281 496 2332; x_wconf 87' lang='lat' dir='ltr'>rere</span> <span class='ocrx_word' id='word_1_205' title='bbox 519 2281 564 2331; x_wconf 86' lang='lat' dir='ltr'>err</span> <span class='ocrx_word' id='word_1_206' title='bbox 581 2279 617 2330; x_wconf 86' lang='lat' dir='ltr'>te</span> <span class='ocrx_word' id='word_1_207' title='bbox 633 2253 757 2348; x_wconf 83' lang='lat' dir='ltr'>liceat,</span> <span class='ocrx_word' id='word_1_208' title='bbox 782 2281 867 2330; x_wconf 88' lang='lat' dir='ltr'>num</span> <span class='ocrx_word' id='word_1_209' title='bbox 891 2253 928 2331; x_wconf 91' lang='lat' dir='ltr'>in</span> <span class='ocrx_word' id='word_1_210' title='bbox 947 2255 1007 2332; x_wconf 91' lang='lat' dir='ltr'>Cl.</span> <span class='ocrx_word' id='word_1_211' title='bbox 1022 2261 1062 2332; x_wconf 86' lang='lat' dir='ltr'>P.</span> <span class='ocrx_word' id='word_1_212' title='bbox 1080 2255 1252 2358; x_wconf 82' lang='lat' dir='ltr'>Georgio</span> <span class='ocrx_word' id='word_1_213' title='bbox 1272 2261 1366 2357; x_wconf 83' lang='lat' dir='ltr'>Pmy</span> <span class='ocrx_word' id='word_1_214' title='bbox 1389 2259 1412 2353; x_wconf 91' lang='lat'>(</span> <span class='ocrx_word' id='word_1_215' title='bbox 1432 2283 1513 2332; x_wconf 82' lang='lat' dir='ltr'>narn</span> <span class='ocrx_word' id='word_1_216' title='bbox 1535 2253 1736 2334; x_wconf 87' lang='lat' dir='ltr'>Desericius</span> <span class='ocrx_word' id='word_1_217' title='bbox 1755 2282 1827 2334; x_wconf 88' lang='lat' dir='ltr'>no·</span> 
     </span>
     <span class='ocr_line' id='line_1_22' title="bbox 406 2351 1828 2458; baseline 0.001 -28"><span class='ocrx_word' id='word_1_218' title='bbox 406 2353 485 2431; x_wconf 78' lang='lat' dir='ltr'>&#39;ster</span> <span class='ocrx_word' id='word_1_219' title='bbox 505 2377 677 2454; x_wconf 81' lang='lat' dir='ltr'>nusquam</span> <span class='ocrx_word' id='word_1_220' title='bbox 702 2353 765 2431; x_wconf 87' lang='lat' dir='ltr'>tibi</span> <span class='ocrx_word' id='word_1_221' title='bbox 788 2354 880 2430; x_wconf 83' lang='lat' dir='ltr'>visus</span> <span class='ocrx_word' id='word_1_222' title='bbox 897 2360 912 2450; x_wconf 92' lang='lat'><em>)</em></span> <span class='ocrx_word' id='word_1_223' title='bbox 930 2351 1057 2458; x_wconf 80' lang='lat' dir='ltr'>legeris</span> <span class='ocrx_word' id='word_1_224' title='bbox 1083 2358 1155 2432; x_wconf 91' lang='lat' dir='ltr'>hoc</span> <span class='ocrx_word' id='word_1_225' title='bbox 1173 2359 1253 2434; x_wconf 87' lang='lat' dir='ltr'>MS.</span> <span class='ocrx_word' id='word_1_226' title='bbox 1269 2382 1288 2430; x_wconf 81' lang='lat' dir='ltr'>a.</span> <span class='ocrx_word' id='word_1_227' title='bbox 1306 2357 1460 2452; x_wconf 85' lang='lat' dir='ltr'>quodam</span> <span class='ocrx_word' id='word_1_228' title='bbox 1476 2355 1644 2435; x_wconf 71' lang='lat' dir='ltr'>Ordinis</span> <span class='ocrx_word' id='word_1_229' title='bbox 1657 2355 1828 2432; x_wconf 79' lang='lat' dir='ltr'>Praedica·</span> 
     </span>
     <span class='ocr_line' id='line_1_23' title="bbox 417 2452 1829 2558; baseline 0.002 -28"><span class='ocrx_word' id='word_1_230' title='bbox 417 2458 538 2530; x_wconf 82' lang='lat' dir='ltr'>turrim</span> <span class='ocrx_word' id='word_1_231' title='bbox 554 2452 784 2531; x_wconf 86' lang='lat' dir='ltr'>F.Richardo</span> <span class='ocrx_word' id='word_1_232' title='bbox 800 2454 862 2530; x_wconf 87' lang='lat' dir='ltr'>sub</span> <span class='ocrx_word' id='word_1_233' title='bbox 881 2454 1070 2558; x_wconf 83' lang='lat' dir='ltr'>Gregorio</span> <span class='ocrx_word' id='word_1_234' title='bbox 1088 2459 1255 2546; x_wconf 65' lang='lat' dir='ltr'>le&#39;spa</span> <span class='ocrx_word' id='word_1_235' title='bbox 1272 2453 1439 2532; x_wconf 74' lang='lat' dir='ltr'>&amp;firculo</span> <span class='ocrx_word' id='word_1_236' title='bbox 1458 2455 1605 2532; x_wconf 88' lang='lat' dir='ltr'>ineunte</span> <span class='ocrx_word' id='word_1_237' title='bbox 1621 2459 1721 2546; x_wconf 69' lang='lat' dir='ltr'>xlla,</span> <span class='ocrx_word' id='word_1_238' title='bbox 1739 2483 1829 2534; x_wconf 85' lang='lat' dir='ltr'>con·</span> 
     </span>
     <span class='ocr_line' id='line_1_24' title="bbox 403 2552 1829 2656; baseline 0.005 -29"><span class='ocrx_word' id='word_1_239' title='bbox 403 2552 585 2655; x_wconf 76' lang='lat' dir='ltr'>¹scriptum</span> <span class='ocrx_word' id='word_1_240' title='bbox 604 2552 737 2630; x_wconf 75' lang='lat' dir='ltr'>suilla?</span> <span class='ocrx_word' id='word_1_241' title='bbox 765 2648 767 2652; x_wconf 13' lang='grc' dir='ltr'><strong><em>ι</em></strong></span> <span class='ocrx_word' id='word_1_242' title='bbox 788 2557 845 2629; x_wconf 91' lang='grc' dir='ltr'>Εο</span> <span class='ocrx_word' id='word_1_243' title='bbox 865 2577 1053 2656; x_wconf 87' lang='lat' dir='ltr'>tempore,</span> <span class='ocrx_word' id='word_1_244' title='bbox 1076 2579 1114 2628; x_wconf 91' lang='lat' dir='ltr'>ut</span> <span class='ocrx_word' id='word_1_245' title='bbox 1129 2553 1220 2630; x_wconf 85' lang='lat' dir='ltr'>infra</span> <span class='ocrx_word' id='word_1_246' title='bbox 1243 2579 1286 2632; x_wconf 83' lang='lat' dir='ltr'>ex</span> <span class='ocrx_word' id='word_1_247' title='bbox 1302 2553 1434 2632; x_wconf 73' lang='lat' dir='ltr'>Grecis</span> <span class='ocrx_word' id='word_1_248' title='bbox 1460 2556 1586 2633; x_wconf 80' lang='lat' dir='ltr'>coaevis</span> <span class='ocrx_word' id='word_1_249' title='bbox 1613 2583 1829 2638; x_wconf 85' lang='lat' dir='ltr'>monumen·</span> 
     </span>
     <span class='ocr_line' id='line_1_25' title="bbox 414 2650 1827 2758; baseline 0.004 -31"><span class='ocrx_word' id='word_1_250' title='bbox 414 2651 458 2727; x_wconf 88' lang='lat' dir='ltr'>tis</span> <span class='ocrx_word' id='word_1_251' title='bbox 476 2651 720 2744; x_wconf 82' lang='lat' dir='ltr'>ostendemus,</span> <span class='ocrx_word' id='word_1_252' title='bbox 745 2650 811 2745; x_wconf 80' lang='lat' dir='ltr'>iarn</span> <span class='ocrx_word' id='word_1_253' title='bbox 828 2654 1058 2730; x_wconf 88' lang='lat' dir='ltr'>Zecchurunt</span> <span class='ocrx_word' id='word_1_254' title='bbox 1081 2676 1242 2731; x_wconf 82' lang='lat' dir='ltr'>veterum</span> <span class='ocrx_word' id='word_1_255' title='bbox 1258 2653 1380 2748; x_wconf 84' lang='lat' dir='ltr'>sedes,</span> <span class='ocrx_word' id='word_1_256' title='bbox 1405 2680 1446 2736; x_wconf 83' lang='lat' dir='ltr'>ac</span> <span class='ocrx_word' id='word_1_257' title='bbox 1463 2655 1614 2733; x_wconf 77' lang='lat' dir='ltr'>finitima</span> <span class='ocrx_word' id='word_1_258' title='bbox 1630 2655 1827 2758; x_wconf 77' lang='lat' dir='ltr'>Maeutydis</span> 
     </span>
     <span class='ocr_line' id='line_1_26' title="bbox 414 2751 1825 2857; baseline 0.005 -31"><span class='ocrx_word' id='word_1_259' title='bbox 414 2751 596 2852; x_wconf 86' lang='lat' dir='ltr'>Pontique</span> <span class='ocrx_word' id='word_1_260' title='bbox 614 2751 744 2828; x_wconf 81' lang='lat' dir='ltr'>Euxini</span> <span class='ocrx_word' id='word_1_261' title='bbox 763 2751 867 2828; x_wconf 84' lang='lat' dir='ltr'>litora</span> <span class='ocrx_word' id='word_1_262' title='bbox 877 2753 1019 2830; x_wconf 81' lang='lat' dir='ltr'>Tartari</span> <span class='ocrx_word' id='word_1_263' title='bbox 1037 2779 1211 2857; x_wconf 85' lang='lat' dir='ltr'>occupare</span> <span class='ocrx_word' id='word_1_264' title='bbox 1229 2778 1434 2856; x_wconf 86' lang='lat' dir='ltr'>coeperunt,</span> <span class='ocrx_word' id='word_1_265' title='bbox 1462 2753 1715 2857; x_wconf 87' lang='lat' dir='ltr'>veteribusque</span> <span class='ocrx_word' id='word_1_266' title='bbox 1731 2761 1825 2834; x_wconf 85' lang='lat' dir='ltr'>Zeu·</span> 
     </span>
     <span class='ocr_line' id='line_1_27' title="bbox 414 2849 1825 2958; baseline 0.001 -30"><span class='ocrx_word' id='word_1_267' title='bbox 414 2849 490 2928; x_wconf 89' lang='lat' dir='ltr'>chis</span> <span class='ocrx_word' id='word_1_268' title='bbox 510 2851 638 2956; x_wconf 79' lang='lat' dir='ltr'>partim</span> <span class='ocrx_word' id='word_1_269' title='bbox 660 2851 698 2928; x_wconf 89' lang='lat' dir='ltr'>in</span> <span class='ocrx_word' id='word_1_270' title='bbox 715 2875 885 2928; x_wconf 85' lang='lat' dir='ltr'>montana</span> <span class='ocrx_word' id='word_1_271' title='bbox 900 2851 1002 2946; x_wconf 75' lang='lat' dir='ltr'>tetis,</span> <span class='ocrx_word' id='word_1_272' title='bbox 1020 2851 1199 2956; x_wconf 86' lang='lat' dir='ltr'>partimin</span> <span class='ocrx_word' id='word_1_273' title='bbox 1217 2879 1360 2952; x_wconf 87' lang='lat' dir='ltr'>morum</span> <span class='ocrx_word' id='word_1_274' title='bbox 1379 2853 1581 2958; x_wconf 74' lang='lat' dir='ltr'>linguaeque</span> <span class='ocrx_word' id='word_1_275' title='bbox 1597 2859 1825 2958; x_wconf 81' lang='lat' dir='ltr'>suae—conlue-</span> 
     </span>
    </p>

    <p class='ocr_par' dir='ltr' id='par_1_10' title="bbox 378 2948 1822 3054">
     <span class='ocr_line' id='line_1_28' title="bbox 378 2948 1822 3054; baseline 0.003 -28"><span class='ocrx_word' id='word_1_276' title='bbox 378 3009 380 3014; x_wconf 66' lang='lat'>,</span> <span class='ocrx_word' id='word_1_277' title='bbox 406 2949 577 3046; x_wconf 21' lang='lat' dir='ltr'>&#39;tudinem</span> <span class='ocrx_word' id='word_1_278' title='bbox 599 2950 761 3028; x_wconf 68' lang='lat' dir='ltr'>tradudis</span> <span class='ocrx_word' id='word_1_279' title='bbox 779 2948 881 3028; x_wconf 82' lang='lat' dir='ltr'>isthic</span> <span class='ocrx_word' id='word_1_280' title='bbox 899 2954 1009 3052; x_wconf 90' lang='lat' dir='ltr'>pleno</span> <span class='ocrx_word' id='word_1_281' title='bbox 1027 2954 1101 3050; x_wconf 87' lang='lat' dir='ltr'>jure</span> <span class='ocrx_word' id='word_1_282' title='bbox 1118 2951 1296 3032; x_wconf 80' lang='lat' dir='ltr'>dominati</span> <span class='ocrx_word' id='word_1_283' title='bbox 1313 2955 1439 3054; x_wconf 79' lang='lat' dir='ltr'>exorsi</span> <span class='ocrx_word' id='word_1_284' title='bbox 1452 2955 1552 3046; x_wconf 85' lang='lat' dir='ltr'>sunt,</span> <span class='ocrx_word' id='word_1_285' title='bbox 1581 2979 1619 3033; x_wconf 89' lang='lat' dir='ltr'>ut</span> <span class='ocrx_word' id='word_1_286' title='bbox 1636 2959 1822 3036; x_wconf 87' lang='lat' dir='ltr'>obfcururu</span> 
     </span>
    </p>

    <p class='ocr_par' dir='ltr' id='par_1_11' title="bbox 365 3049 1827 3366">
     <span class='ocr_line' id='line_1_29' title="bbox 365 3049 1827 3158; baseline 0.005 -32"><span class='ocrx_word' id='word_1_287' title='bbox 365 3122 377 3151; x_wconf 72' lang='lat'>‚</span> <span class='ocrx_word' id='word_1_288' title='bbox 414 3049 532 3126; x_wconf 81' lang='lat' dir='ltr'>uideri</span> <span class='ocrx_word' id='word_1_289' title='bbox 546 3053 668 3152; x_wconf 87' lang='lat' dir='ltr'>pollit,</span> <span class='ocrx_word' id='word_1_290' title='bbox 682 3049 876 3128; x_wconf 80' lang='lat' dir='ltr'>historiane</span> <span class='ocrx_word' id='word_1_291' title='bbox 893 3051 954 3128; x_wconf 88' lang='lat' dir='ltr'>illa</span> <span class='ocrx_word' id='word_1_292' title='bbox 973 3053 1101 3153; x_wconf 65' lang='lat' dir='ltr'>spectet</span> <span class='ocrx_word' id='word_1_293' title='bbox 1115 3053 1160 3129; x_wconf 88' lang='lat' dir='ltr'>ad</span> <span class='ocrx_word' id='word_1_294' title='bbox 1178 3077 1340 3156; x_wconf 83' lang='lat' dir='ltr'>tempora</span> <span class='ocrx_word' id='word_1_295' title='bbox 1355 3053 1533 3132; x_wconf 84' lang='lat' dir='ltr'>anteriora</span> <span class='ocrx_word' id='word_1_296' title='bbox 1549 3054 1608 3132; x_wconf 86' lang='lat' dir='ltr'>seu</span> <span class='ocrx_word' id='word_1_297' title='bbox 1627 3055 1827 3158; x_wconf 80' lang='lat' dir='ltr'>posteriore</span> 
     </span>
     <span class='ocr_line' id='line_1_30' title="bbox 413 3147 1822 3260; baseline 0.006 -38"><span class='ocrx_word' id='word_1_298' title='bbox 413 3147 617 3260; x_wconf 85' lang='lat' dir='ltr'>irruptione</span> <span class='ocrx_word' id='word_1_299' title='bbox 636 3153 881 3228; x_wconf 80' lang='lat' dir='ltr'>Tartsrorutn.</span> <span class='ocrx_word' id='word_1_300' title='bbox 917 3155 968 3227; x_wconf 87' lang='lat' dir='ltr'>At</span> <span class='ocrx_word' id='word_1_301' title='bbox 986 3151 1156 3250; x_wconf 87' lang='lat' dir='ltr'>quoniam</span> <span class='ocrx_word' id='word_1_302' title='bbox 1183 3179 1256 3230; x_wconf 85' lang='lat' dir='ltr'>rem</span> <span class='ocrx_word' id='word_1_303' title='bbox 1276 3153 1312 3230; x_wconf 89' lang='lat' dir='ltr'>in</span> <span class='ocrx_word' id='word_1_304' title='bbox 1334 3152 1456 3232; x_wconf 87' lang='lat' dir='ltr'>metlio</span> <span class='ocrx_word' id='word_1_305' title='bbox 1472 3155 1673 3255; x_wconf 87' lang='lat' dir='ltr'>relinquere</span> <span class='ocrx_word' id='word_1_306' title='bbox 1689 3157 1822 3233; x_wconf 84' lang='lat' dir='ltr'>animus</span> 
     </span>
     <span class='ocr_line' id='line_1_31' title="bbox 414 3245 1822 3366; baseline 0.006 -41"><span class='ocrx_word' id='word_1_307' title='bbox 414 3249 523 3325; x_wconf 83' lang='lat' dir='ltr'>nobs</span> <span class='ocrx_word' id='word_1_308' title='bbox 544 3272 622 3324; x_wconf 89' lang='lat' dir='ltr'>non</span> <span class='ocrx_word' id='word_1_309' title='bbox 645 3245 713 3342; x_wconf 85' lang='lat' dir='ltr'>est,</span> <span class='ocrx_word' id='word_1_310' title='bbox 739 3253 776 3325; x_wconf 67' lang='grc' dir='ltr'>δι</span> <span class='ocrx_word' id='word_1_311' title='bbox 791 3253 829 3324; x_wconf 85' lang='lat' dir='ltr'>F.</span> <span class='ocrx_word' id='word_1_312' title='bbox 848 3248 1041 3326; x_wconf 86' lang='lat' dir='ltr'>Richardus</span> <span class='ocrx_word' id='word_1_313' title='bbox 1061 3250 1098 3328; x_wconf 91' lang='lat' dir='ltr'>in</span> <span class='ocrx_word' id='word_1_314' title='bbox 1126 3252 1229 3366; x_wconf 81' lang='lat' dir='ltr'>supra</span> <span class='ocrx_word' id='word_1_315' title='bbox 1257 3252 1331 3328; x_wconf 89' lang='lat' dir='ltr'>fato</span> <span class='ocrx_word' id='word_1_316' title='bbox 1352 3256 1430 3330; x_wconf 85' lang='lat' dir='ltr'>MS.</span> <span class='ocrx_word' id='word_1_317' title='bbox 1454 3254 1517 3332; x_wconf 83' lang='lat' dir='ltr'>suo</span> <span class='ocrx_word' id='word_1_318' title='bbox 1542 3257 1662 3333; x_wconf 80' lang='lat' dir='ltr'>dicat:</span> <span class='ocrx_word' id='word_1_319' title='bbox 1687 3263 1822 3333; x_wconf 77' lang='lat' dir='ltr'>Fratres</span> 
     </span>
    </p>

    <p class='ocr_par' dir='ltr' id='par_1_12' title="bbox 353 3345 1827 3854">
     <span class='ocr_line' id='line_1_32' title="bbox 353 3345 1827 3460; baseline 0.002 -31"><span class='ocrx_word' id='word_1_320' title='bbox 353 3347 358 3360; x_wconf 81' lang='grc'>’</span> <span class='ocrx_word' id='word_1_321' title='bbox 415 3345 606 3429; x_wconf 86' lang='lat' dir='ltr'>Ordinirris</span> <span class='ocrx_word' id='word_1_322' title='bbox 631 3345 905 3426; x_wconf 80' lang='lat' dir='ltr'>Praedicatorum</span> <span class='ocrx_word' id='word_1_323' title='bbox 934 3376 977 3426; x_wconf 87' lang='lat' dir='ltr'>err</span> <span class='ocrx_word' id='word_1_324' title='bbox 1014 3350 1131 3428; x_wconf 84' lang='lat' dir='ltr'>Sichia</span> <span class='ocrx_word' id='word_1_325' title='bbox 1163 3379 1200 3428; x_wconf 90' lang='lat' dir='ltr'>m</span> <span class='ocrx_word' id='word_1_326' title='bbox 1227 3349 1393 3429; x_wconf 78' lang='lat' dir='ltr'>Alaniam</span> <span class='ocrx_word' id='word_1_327' title='bbox 1421 3354 1561 3431; x_wconf 80' lang='lat' dir='ltr'>ulterius</span> <span class='ocrx_word' id='word_1_328' title='bbox 1592 3357 1827 3460; x_wconf 83' lang='lat' dir='ltr'>progrellos,</span> 
     </span>
     <span class='ocr_line' id='line_1_33' title="bbox 414 3447 1826 3558; baseline 0.004 -32"><span class='ocrx_word' id='word_1_329' title='bbox 414 3451 453 3526; x_wconf 76' lang='lat' dir='ltr'>dr</span> <span class='ocrx_word' id='word_1_330' title='bbox 467 3455 527 3525; x_wconf 84' lang='lat' dir='ltr'>lero</span> <span class='ocrx_word' id='word_1_331' title='bbox 548 3477 621 3526; x_wconf 81' lang='lat' dir='ltr'>vere</span> <span class='ocrx_word' id='word_1_332' title='bbox 637 3452 685 3527; x_wconf 82' lang='lat' dir='ltr'>illa</span> <span class='ocrx_word' id='word_1_333' title='bbox 697 3454 819 3555; x_wconf 68' lang='lat' dir='ltr'>fratres</span> <span class='ocrx_word' id='word_1_334' title='bbox 834 3447 1006 3550; x_wconf 74' lang='lat' dir='ltr'>sotietatem</span> <span class='ocrx_word' id='word_1_335' title='bbox 1024 3452 1131 3526; x_wconf 75' lang='lat' dir='ltr'>lubere</span> <span class='ocrx_word' id='word_1_336' title='bbox 1154 3482 1215 3527; x_wconf 81' lang='lat' dir='ltr'>nore</span> <span class='ocrx_word' id='word_1_337' title='bbox 1228 3473 1373 3554; x_wconf 78' lang='lat' dir='ltr'>poterunt</span> <span class='ocrx_word' id='word_1_338' title='bbox 1384 3459 1571 3552; x_wconf 76' lang='lat' dir='ltr'>procedendi</span> <span class='ocrx_word' id='word_1_339' title='bbox 1579 3479 1711 3558; x_wconf 77' lang='lat' dir='ltr'>propter</span> <span class='ocrx_word' id='word_1_340' title='bbox 1735 3471 1826 3533; x_wconf 60' lang='grc' dir='ltr'><em>τίη»-</em></span> 
     </span>
     <span class='ocr_line' id='line_1_34' title="bbox 413 3550 1826 3658; baseline 0.006 -34"><span class='ocrx_word' id='word_1_341' title='bbox 413 3575 482 3624; x_wconf 81' lang='lat' dir='ltr'>rrm</span> <span class='ocrx_word' id='word_1_342' title='bbox 504 3557 740 3638; x_wconf 57' lang='lat' dir='ltr'>Tariotarum,</span> <span class='ocrx_word' id='word_1_343' title='bbox 764 3559 822 3655; x_wconf 81' lang='lat' dir='ltr'>qui</span> <span class='ocrx_word' id='word_1_344' title='bbox 843 3550 1022 3626; x_wconf 75' lang='lat' dir='ltr'>dicebantur</span> <span class='ocrx_word' id='word_1_345' title='bbox 1036 3553 1086 3651; x_wconf 80' lang='lat' dir='ltr'>effe</span> <span class='ocrx_word' id='word_1_346' title='bbox 1102 3561 1216 3639; x_wconf 82' lang='lat' dir='ltr'>tricini,</span> <span class='ocrx_word' id='word_1_347' title='bbox 1243 3552 1448 3653; x_wconf 72' lang='lat' dir='ltr'>&amp;posteat</span> <span class='ocrx_word' id='word_1_348' title='bbox 1472 3564 1543 3658; x_wconf 61' lang='lat' dir='ltr'>,Qui</span> <span class='ocrx_word' id='word_1_349' title='bbox 1559 3556 1734 3653; x_wconf 85' lang='lat' dir='ltr'>(nuncius</span> <span class='ocrx_word' id='word_1_350' title='bbox 1750 3559 1826 3634; x_wconf 91' lang='lat' dir='ltr'>Du·</span> 
     </span>
     <span class='ocr_line' id='line_1_35' title="bbox 415 3645 1825 3761; baseline 0.006 -37"><span class='ocrx_word' id='word_1_351' title='bbox 415 3645 465 3725; x_wconf 84' lang='lat' dir='ltr'>cis</span> <span class='ocrx_word' id='word_1_352' title='bbox 483 3649 745 3746; x_wconf 78' lang='lat' dir='ltr'>Tartartsrutn)</span> <span class='ocrx_word' id='word_1_353' title='bbox 764 3655 862 3744; x_wconf 79' lang='lat' dir='ltr'>dixit,</span> <span class='ocrx_word' id='word_1_354' title='bbox 876 3654 966 3756; x_wconf 78' lang='lat' dir='ltr'>quod</span> <span class='ocrx_word' id='word_1_355' title='bbox 977 3663 1128 3727; x_wconf 74' lang='lat' dir='ltr'>exereitus</span> <span class='ocrx_word' id='word_1_356' title='bbox 1149 3659 1374 3744; x_wconf 63' lang='lat' dir='ltr'>Teucrorum,</span> <span class='ocrx_word' id='word_1_357' title='bbox 1395 3663 1450 3756; x_wconf 82' lang='lat' dir='ltr'>qui</span> <span class='ocrx_word' id='word_1_358' title='bbox 1466 3678 1536 3730; x_wconf 79' lang='lat' dir='ltr'>rrrrrc</span> <span class='ocrx_word' id='word_1_359' title='bbox 1553 3659 1664 3732; x_wconf 73' lang='lat' dir='ltr'>ibidem</span> <span class='ocrx_word' id='word_1_360' title='bbox 1685 3661 1825 3761; x_wconf 58' lang='lat' dir='ltr'>adquin</span> 
     </span>
     <span class='ocr_line' id='line_1_36' title="bbox 418 3748 1823 3854; baseline 0.008 -32"><span class='ocrx_word' id='word_1_361' title='bbox 418 3775 479 3854; x_wconf 79' lang='lat' dir='ltr'>que</span> <span class='ocrx_word' id='word_1_362' title='bbox 493 3748 719 3823; x_wconf 78' lang='lat' dir='ltr'>dicturuirr‘mrr</span> <span class='ocrx_word' id='word_1_363' title='bbox 735 3772 813 3836; x_wconf 82' lang='lat' dir='ltr'>eret,</span> <span class='ocrx_word' id='word_1_364' title='bbox 823 3775 928 3825; x_wconf 72' lang='lat' dir='ltr'>eontra</span> <span class='ocrx_word' id='word_1_365' title='bbox 944 3758 1156 3827; x_wconf 82' lang='lat' dir='ltr'>Alemamrr’am</span> <span class='ocrx_word' id='word_1_366' title='bbox 1173 3756 1260 3828; x_wconf 77' lang='lat' dir='ltr'>uellet</span> <span class='ocrx_word' id='word_1_367' title='bbox 1276 3762 1334 3828; x_wconf 85' lang='lat' dir='ltr'>r&#39;rr.</span> <span class='ocrx_word' id='word_1_368' title='bbox 1387 3757 1441 3828; x_wconf 81' lang='lat' dir='ltr'>Ex</span> <span class='ocrx_word' id='word_1_369' title='bbox 1458 3753 1510 3832; x_wconf 85' lang='lat' dir='ltr'>his</span> <span class='ocrx_word' id='word_1_370' title='bbox 1529 3754 1578 3832; x_wconf 74' lang='lat' dir='ltr'>fas</span> <span class='ocrx_word' id='word_1_371' title='bbox 1597 3755 1647 3832; x_wconf 87' lang='lat' dir='ltr'>est</span> <span class='ocrx_word' id='word_1_372' title='bbox 1666 3757 1823 3852; x_wconf 79' lang='lat' dir='ltr'>conjice-</span> 
     </span>
    </p>

    <p class='ocr_par' dir='ltr' id='par_1_13' title="bbox 347 3844 1825 4158">
     <span class='ocr_line' id='line_1_37' title="bbox 347 3844 1824 3957; baseline 0.012 -44"><span class='ocrx_word' id='word_1_373' title='bbox 347 3905 350 3913; x_wconf 88' lang='lat'><strong>.</strong></span> <span class='ocrx_word' id='word_1_374' title='bbox 418 3871 460 3920; x_wconf 90' lang='lat' dir='ltr'>re</span> <span class='ocrx_word' id='word_1_375' title='bbox 481 3845 542 3920; x_wconf 88' lang='lat' dir='ltr'>has</span> <span class='ocrx_word' id='word_1_376' title='bbox 567 3849 606 3923; x_wconf 86' lang='lat' dir='ltr'>F.</span> <span class='ocrx_word' id='word_1_377' title='bbox 625 3844 794 3923; x_wconf 85' lang='lat' dir='ltr'>Richardi</span> <span class='ocrx_word' id='word_1_378' title='bbox 819 3851 1008 3926; x_wconf 85' lang='lat' dir='ltr'>memorias</span> <span class='ocrx_word' id='word_1_379' title='bbox 1033 3849 1188 3927; x_wconf 90' lang='lat' dir='ltr'>omnino</span> <span class='ocrx_word' id='word_1_380' title='bbox 1212 3850 1330 3927; x_wconf 81' lang='lat' dir='ltr'>adhuc</span> <span class='ocrx_word' id='word_1_381' title='bbox 1355 3849 1511 3954; x_wconf 69' lang='lat' dir='ltr'>spectare</span> <span class='ocrx_word' id='word_1_382' title='bbox 1534 3854 1578 3931; x_wconf 85' lang='lat' dir='ltr'>ad</span> <span class='ocrx_word' id='word_1_383' title='bbox 1607 3881 1668 3932; x_wconf 88' lang='lat' dir='ltr'>eos</span> <span class='ocrx_word' id='word_1_384' title='bbox 1693 3879 1824 3957; x_wconf 81' lang='lat' dir='ltr'>paucos</span> 
     </span>
     <span class='ocr_line' id='line_1_38' title="bbox 418 3937 1824 4061; baseline 0.009 -42"><span class='ocrx_word' id='word_1_385' title='bbox 418 3967 559 4042; x_wconf 83' lang='lat' dir='ltr'>annos,</span> <span class='ocrx_word' id='word_1_386' title='bbox 586 3953 773 4046; x_wconf 78' lang='lat' dir='ltr'>antequam</span> <span class='ocrx_word' id='word_1_387' title='bbox 801 3937 940 4023; x_wconf 82' lang='lat' dir='ltr'>Tartari</span> <span class='ocrx_word' id='word_1_388' title='bbox 962 3949 1156 4026; x_wconf 86' lang='lat' dir='ltr'>Zecchiam</span> <span class='ocrx_word' id='word_1_389' title='bbox 1182 3957 1218 4028; x_wconf 77' lang='grc' dir='ltr'>δι</span> <span class='ocrx_word' id='word_1_390' title='bbox 1241 3949 1435 4045; x_wconf 77' lang='lat' dir='ltr'>adjacentes</span> <span class='ocrx_word' id='word_1_391' title='bbox 1461 3954 1626 4033; x_wconf 84' lang='lat' dir='ltr'>finitimas</span> <span class='ocrx_word' id='word_1_392' title='bbox 1653 3955 1824 4061; x_wconf 77' lang='lat' dir='ltr'>regiones</span> 
     </span>
     <span class='ocr_line' id='line_1_39' title="bbox 420 4041 1825 4158; baseline 0.006 -33"><span class='ocrx_word' id='word_1_393' title='bbox 420 4041 642 4142; x_wconf 79' lang='lat' dir='ltr'>inrrfilletrr,</span> <span class='ocrx_word' id='word_1_394' title='bbox 666 4069 773 4148; x_wconf 83' lang='lat' dir='ltr'>atque</span> <span class='ocrx_word' id='word_1_395' title='bbox 786 4045 936 4148; x_wconf 80' lang='lat' dir='ltr'>¹dentum</span> <span class='ocrx_word' id='word_1_396' title='bbox 953 4051 1060 4153; x_wconf 81' lang='lat' dir='ltr'>plene</span> <span class='ocrx_word' id='word_1_397' title='bbox 1084 4049 1121 4132; x_wconf 85' lang='lat' dir='ltr'>se</span> <span class='ocrx_word' id='word_1_398' title='bbox 1137 4049 1174 4133; x_wconf 86' lang='lat' dir='ltr'>se</span> <span class='ocrx_word' id='word_1_399' title='bbox 1188 4048 1226 4133; x_wconf 90' lang='lat' dir='ltr'>in</span> <span class='ocrx_word' id='word_1_400' title='bbox 1240 4055 1424 4158; x_wconf 84' lang='lat' dir='ltr'>Europam</span> <span class='ocrx_word' id='word_1_401' title='bbox 1446 4053 1655 4140; x_wconf 86' lang='lat' dir='ltr'>effudillenr.</span> <span class='ocrx_word' id='word_1_402' title='bbox 1722 4056 1825 4134; x_wconf 87' lang='lat' dir='ltr'>Corr-</span> 
     </span>
    </p>

    <p class='ocr_par' dir='ltr' id='par_1_14' title="bbox 675 4179 1772 4238">
     <span class='ocr_line' id='line_1_40' title="bbox 675 4179 1772 4238; baseline 0.01 -30"><span class='ocrx_word' id='word_1_403' title='bbox 675 4199 679 4208; x_wconf 91' lang='lat'><strong>.</strong></span> <span class='ocrx_word' id='word_1_404' title='bbox 866 4187 871 4196; x_wconf 80' lang='lat'>¹</span> <span class='ocrx_word' id='word_1_405' title='bbox 1708 4179 1772 4238; x_wconf 71' lang='lat' dir='ltr'>ce·</span> 
     </span>
    </p>
   </div>
   <div class='ocr_carea' id='block_1_5' title="bbox 0 0 1956 4830">
    <p class='ocr_par' dir='ltr' id='par_1_15' title="bbox 0 0 1956 4830">
     <span class='ocr_line' id='line_1_41' title="bbox 0 0 1956 4830; baseline 0 2"><span class='ocrx_word' id='word_1_406' title='bbox 0 0 1956 4830; x_wconf 95' lang='lat' dir='ltr'> </span> 
     </span>
    </p>
   </div>
  </div>
 </body>
</html>
